1747 2620
163 124 217 165 38

164 835 199 862 10

165 2253 203 2280 :30

578 132 764 162 LAELIUS
792 132 850 160 DE
879 132 1081 161 AMICITIA

230 246 347 294 tatio,
388 244 579 295 quamvis
611 243 844 294 perniciosa
873 243 941 292 sit,
977 256 1123 281 nocere
1158 248 1299 283 tamen
1333 245 1492 283 nemini

231 314 367 360 potest
397 309 479 346 nisi
511 309 561 357 ei,
597 308 669 357 (1111
700 320 789 345 eam
820 308 969 358 reeipit
1000 312 1125 358 atque
1161 321 1209 346 ea
1244 309 1487 348 delectatur.

231 376 297 412 Ita
338 375 397 423 fit,
440 377 487 410 ut
526 373 561 410 is
600 373 931 410 assentatoribus
972 373 1200 422 patefaciat
1238 386 1358 411 aures
1398 387 1492 412 suas

229 439 420 486 maxime,
447 437 519 488 qui
550 437 638 487 ipse
669 437 751 474 sibi
780 440 1018 474 assentetur
1047 441 1089 475 et
1119 450 1161 475 se
1191 438 1371 476 maxime
1403 438 1492 488 ipse

229 504 419 541 delectet.
509 501 573 541 98.
610 501 790 539 Omnino
811 505 874 539 est
899 514 1040 539 amans
1063 502 1128 539 sui
1150 502 1303 550 virtus3
1336 503 1492 552 optime

229 568 340 605 enim
370 580 412 605 se
442 567 533 616 ipsa
562 566 692 613 novit,
719 578 924 615 quamque
951 565 1144 603 amabilis
1165 566 1234 614 sit,
1263 566 1487 615 intellegit.

229 633 316 681 Ego
345 636 483 670 autem
514 643 595 668 non
625 630 675 667 de
707 630 863 668 virtute
894 642 1002 668 nune
1033 629 1192 680 loquor,
1229 631 1301 668 sed
1331 631 1380 667 (le
1411 631 1493 668 vir·

229 697 334 734 tutis
372 696 581 745 opinione.
658 694 827 732 Virtute
863 694 974 731 enim
1011 694 1103 744 ipsa
1135 707 1218 732 non
1251 702 1336 732 tam
1368 695 1493 732 multi

230 761 410 811 praediti
441 772 529 798 esse
561 772 684 809 quam
714 759 851 797 videri
880 759 1039 797 volunt.
1103 759 1192 797 Hos
1223 759 1403 797 delectat
1431 772 1492 797 as-

229 825 422 873 sentatio,
449 825 515 862 his
537 824 658 862 fietus
680 824 731 862 ad
760 823 943 873 ipsorum
964 823 1225 861 voluntatem
1246 836 1380 861 sermo
1401 836 1492 861 eum

229 890 462 936 adhibetur,
496 888 726 927 orationem
760 888 876 925 illam
906 900 1055 926 vanam
1085 888 1373 925 testimonium
1405 901 1492 926 esse

230 955 399 993 laudum
430 966 596 991 suarum
627 956 791 1002 putant.
853 952 985 990 Nulla
1014 955 1077 990 est
1107 952 1237 1001 igitur
1268 952 1367 990 haee
1391 952 1493 990 ami-

229 1019 341 1067 citia,
382 1031 474 1057 eum
513 1018 620 1056 alter
658 1030 803 1055 verum
841 1016 985 1054 audire
1026 1029 1108 1054 non
1148 1016 1251 1064 vult,
1296 1017 1403 1054 alter
1442 1017 1494 1054 ad

229 1083 514 1121 mentiendum
551 1086 722 1133 paratus
757 1085 833 1119 est.
906 1081 994 1119 Nee
1029 1081 1308 1131 parasitorum
1349 1081 1391 1118 in
1429 1095 1493 1119 eo-

230 1148 406 1186 moediis
430 1147 660 1185 assentatio
686 1147 824 1185 faceta
850 1146 969 1184 nobis
991 1145 1216 1194 videretur,
1243 1145 1327 1184 nisi
1354 1150 1494 1184 essent

231 1213 389 1251 milites
411 1212 596 1262 gloriosi.

478 1340 626 1381 Magnas
642 1348 725 1371 vero
741 1348 841 1380 agere
859 1338 991 1379 gratias
1008 1339 1116 1370 Thais
1133 1338 1219 1369 mihi
1233 1339 1248 1369 ἴ)

232 1469 343 1508 Satis
371 1472 459 1507 erat
483 1468 752 1518 respondere:
788 1466 1033 1516 6νη(ις)1η(1ὸ”,·
1070 1465 1306 1515 (ίηῃεηῐρεζ
1338 1465 1489 1515 inquit.

232 1535 401 1584 Semper
417 1536 541 1581 auget
561 1535 794 1570 assentator
817 1532 871 1579 id,
894 1531 1003 1581 quod
1027 1531 1074 1577 is,
1097 1531 1214 1568 euius
1235 1530 1287 1568 ad
1304 1529 1494 1568 volunta-

230 1603 313 1637 tem
335 1598 501 1645 dieitur,
529 1597 622 1634 vult
649 1608 739 1634 esse
766 1608 974 1644 magnum.
1061 1594 1125 1634 99.
1161 1596 1290 1640 Quam
1316 1595 1366 1632 011
1392 1607 1488 1641 rem,

231 1675 481 1714 quamquam
519 1661 671 1699 blanda
706 1661 787 1698 ista
817 1660 983 1697 vanitas
1016 1659 1125 1709 apud
1157 1671 1226 1697 eos
1259 1659 1383 1706 valet,
1422 1659 1495 1708 qui

232 1728 313 1778 ipsi
346 1727 463 1765 illam
493 1726 694 1764 allectant
723 1728 764 1762 et
796 1724 990 1769 invitant,
1017 1728 1157 1761 tamen
1183 1723 1308 1761 etiam
1334 1723 1494 1772 gravio-

232 1806 296 1830 res
326 1791 711 1840 eonstantioresque
741 1789 992 1827 admonendi
1024 1792 1132 1835 sunt,
1159 1791 1206 1826 ut
1234 1787 1494 1825 animadvm‘-

230 1861 333 1902 tant,
362 1869 413 1893 ne
435 1855 590 1893 callida
610 1854 891 1892 assentatione
914 1853 1142 1902 capiantur.
1207 1853 1362 1901 Aperte
1384 1852 1494 1889 enim

185 1932 198 1945 f
231 1921 471 1959 adulantem
512 1932 630 1957 nemo
665 1931 745 1955 non
781 1918 908 1963 videt,
950 1917 1035 1954 nisi
1069 1917 1141 1966 (1111
1176 1916 1397 1954 admodum
1432 1920 1496 1953 est

231 1998 393 2032 exeors3
428 1984 606 2022 callidus
639 1983 710 2020 ille
741 1986 782 2020 et
811 1982 998 2019 occultus
1029 1994 1079 2019 ne
1110 1994 1152 2019 se
1185 1981 1382 2027 insinuet,
1410 1984 1495 2018 stu-

232 2051 346 2088 diose
374 2049 601 2087 cavendum
633 2051 715 2095 est3
759 2060 833 2084 neo
863 2046 976 2084 enim
1006 2045 1209 2083 facillime
1239 2044 1490 2094 agnoscitur,

232 2115 386 2165 quippe
410 2113 480 2163 (1111
503 2113 629 2150 etiam
654 2111 913 2149 adversando
941 2123 1062 2160 saepe
1087 2113 1323 2148 assentetur
1344 2113 1385 2146 et
1409 2109 1495 2146 liti-

232 2192 327 2229 gare
357 2191 398 2215 se
427 2177 630 2215 simulans
660 2176 900 2213 blandiatur
926 2182 1050 2224 atque
1081 2175 1132 2212 ad
1164 2180 1396 2212 extremum
1426 2173 1496 2210 det

233 2256 378 2281 manus
411 2242 604 2291 vincique
640 2254 681 2278 se
718 2241 914 2290 patiatur,
951 2243 997 2276 ut
1037 2239 1083 2287 is,
1119 2239 1192 2288 qui
1233 2238 1383 2276 illusus
1423 2238 1490 2285 sit,
