<?xml version="1.0" encoding="UTF-8"?>
<!DOCTYPE html PUBLIC "-//W3C//DTD XHTML 1.0 Transitional//EN"
    "http://www.w3.org/TR/xhtml1/DTD/xhtml1-transitional.dtd">
<html xmlns="http://www.w3.org/1999/xhtml" xml:lang="en" lang="en">
 <head>
  <title>
</title>
<meta http-equiv="Content-Type" content="text/html;charset=utf-8" />
  <meta name='ocr-system' content='tesseract 3.04.00' />
  <meta name='ocr-capabilities' content='ocr_page ocr_carea ocr_par ocr_line ocrx_word'/>
</head>
<body>
  <div class='ocr_page' id='page_1' title='image "./laeliusdeamiciti00ciceuoft/laeliusdeamiciti00ciceuoft_0031.png"; bbox 0 0 1747 2620; ppageno 0'>
   <div class='ocr_carea' id='block_1_1' title="bbox 655 198 1115 233">
    <p class='ocr_par' dir='ltr' id='par_1_1' title="bbox 655 198 1115 233">
     <span class='ocr_line' id='line_1_1' title="bbox 655 198 1115 233; baseline -0.002 -5"><span class='ocrx_word' id='word_1_1' title='bbox 655 198 881 228; x_wconf 66' lang='lat' dir='ltr'>CHAPTElzs</span> <span class='ocrx_word' id='word_1_2' title='bbox 912 198 997 233; x_wconf 62' lang='lat' dir='ltr'>xli„</span> <span class='ocrx_word' id='word_1_3' title='bbox 1026 198 1115 227; x_wconf 87' lang='lat' dir='ltr'><strong>XIII.</strong></span> 
     </span>
    </p>
   </div>
   <div class='ocr_carea' id='block_1_2' title="bbox 216 309 1485 423">
    <p class='ocr_par' dir='ltr' id='par_1_2' title="bbox 216 309 1485 423">
     <span class='ocr_line' id='line_1_2' title="bbox 270 309 1482 359; baseline 0 -10"><span class='ocrx_word' id='word_1_4' title='bbox 270 312 393 349; x_wconf 86' lang='lat' dir='ltr'><strong>XIII.</strong></span> <span class='ocrx_word' id='word_1_5' title='bbox 432 309 495 349; x_wconf 89' lang='lat'>44.</span> <span class='ocrx_word' id='word_1_6' title='bbox 530 311 644 347; x_wconf 88' lang='lat' dir='ltr'>Haec</span> <span class='ocrx_word' id='word_1_7' title='bbox 661 309 789 357; x_wconf 83' lang='lat' dir='ltr'>igitur</span> <span class='ocrx_word' id='word_1_8' title='bbox 806 309 939 359; x_wconf 88' lang='lat' dir='ltr'>prima</span> <span class='ocrx_word' id='word_1_9' title='bbox 955 309 1019 346; x_wconf 87' lang='lat' dir='ltr'>lex</span> <span class='ocrx_word' id='word_1_10' title='bbox 1037 309 1243 347; x_wconf 75' lang='lat' dir='ltr'>amicitiae</span> <span class='ocrx_word' id='word_1_11' title='bbox 1262 310 1482 359; x_wconf 86' lang='lat' dir='ltr'>sanciatur,</span> 
     </span>
     <span class='ocr_line' id='line_1_3' title="bbox 216 374 1485 423; baseline 0 -9"><span class='ocrx_word' id='word_1_12' title='bbox 216 380 262 414; x_wconf 87' lang='lat' dir='ltr'>ut</span> <span class='ocrx_word' id='word_1_13' title='bbox 278 377 328 414; x_wconf 90' lang='lat' dir='ltr'>ab</span> <span class='ocrx_word' id='word_1_14' title='bbox 346 375 490 413; x_wconf 87' lang='lat' dir='ltr'>amicis</span> <span class='ocrx_word' id='word_1_15' title='bbox 511 375 686 412; x_wconf 90' lang='lat' dir='ltr'>honesta</span> <span class='ocrx_word' id='word_1_16' title='bbox 705 378 906 423; x_wconf 85' lang='lat' dir='ltr'>petamus,</span> <span class='ocrx_word' id='word_1_17' title='bbox 924 374 1147 412; x_wconf 86' lang='lat' dir='ltr'>amicorum</span> <span class='ocrx_word' id='word_1_18' title='bbox 1168 387 1291 413; x_wconf 87' lang='lat' dir='ltr'>causa</span> <span class='ocrx_word' id='word_1_19' title='bbox 1310 375 1485 414; x_wconf 86' lang='lat' dir='ltr'>honesta</span> 
     </span>
    </p>
   </div>
   <div class='ocr_carea' id='block_1_3' title="bbox 156 438 1484 488">
    <p class='ocr_par' dir='ltr' id='par_1_3' title="bbox 156 438 1484 488">
     <span class='ocr_line' id='line_1_4' title="bbox 156 438 1484 488; baseline 0 -10"><span class='ocrx_word' id='word_1_20' title='bbox 156 440 159 443; x_wconf 78' lang='grc'><strong>’</strong></span> <span class='ocrx_word' id='word_1_21' title='bbox 214 440 428 487; x_wconf 81' lang='lat' dir='ltr'>faciamus,</span> <span class='ocrx_word' id='word_1_22' title='bbox 450 452 500 476; x_wconf 92' lang='lat' dir='ltr'>ne</span> <span class='ocrx_word' id='word_1_23' title='bbox 527 442 810 488; x_wconf 74' lang='lat' dir='ltr'>exspectemus</span> <span class='ocrx_word' id='word_1_24' title='bbox 836 438 1015 487; x_wconf 86' lang='lat' dir='ltr'>quidem,</span> <span class='ocrx_word' id='word_1_25' title='bbox 1038 439 1135 476; x_wconf 90' lang='lat' dir='ltr'>dum</span> <span class='ocrx_word' id='word_1_26' title='bbox 1161 451 1368 488; x_wconf 81' lang='lat' dir='ltr'>rogemur3</span> <span class='ocrx_word' id='word_1_27' title='bbox 1402 444 1484 478; x_wconf 88' lang='lat' dir='ltr'>stu-</span> 
     </span>
    </p>
   </div>
   <div class='ocr_carea' id='block_1_4' title="bbox 211 502 1484 1519">
    <p class='ocr_par' dir='ltr' id='par_1_4' title="bbox 211 502 1484 1519">
     <span class='ocr_line' id='line_1_5' title="bbox 215 502 1481 553; baseline 0 -11"><span class='ocrx_word' id='word_1_28' title='bbox 215 505 327 542; x_wconf 84' lang='lat' dir='ltr'>dium</span> <span class='ocrx_word' id='word_1_29' title='bbox 357 516 517 553; x_wconf 89' lang='lat' dir='ltr'>semper</span> <span class='ocrx_word' id='word_1_30' title='bbox 542 503 663 549; x_wconf 84' lang='lat' dir='ltr'>adsit,</span> <span class='ocrx_word' id='word_1_31' title='bbox 690 502 898 540; x_wconf 83' lang='lat' dir='ltr'>cunctatio</span> <span class='ocrx_word' id='word_1_32' title='bbox 925 502 1056 550; x_wconf 73' lang='lat' dir='ltr'>absit,</span> <span class='ocrx_word' id='word_1_33' title='bbox 1093 503 1311 541; x_wconf 89' lang='lat' dir='ltr'>consilium</span> <span class='ocrx_word' id='word_1_34' title='bbox 1341 517 1481 542; x_wconf 83' lang='lat' dir='ltr'>verum</span> 
     </span>
     <span class='ocr_line' id='line_1_6' title="bbox 215 567 1483 607; baseline 0.001 -1"><span class='ocrx_word' id='word_1_35' title='bbox 215 569 310 607; x_wconf 89' lang='lat' dir='ltr'>dare</span> <span class='ocrx_word' id='word_1_36' title='bbox 327 568 548 606; x_wconf 76' lang='lat' dir='ltr'>audeamus</span> <span class='ocrx_word' id='word_1_37' title='bbox 566 567 704 605; x_wconf 89' lang='lat' dir='ltr'>libere.</span> <span class='ocrx_word' id='word_1_38' title='bbox 750 567 982 604; x_wconf 82' lang='lat' dir='ltr'>Plurimum</span> <span class='ocrx_word' id='word_1_39' title='bbox 998 567 1041 604; x_wconf 91' lang='lat' dir='ltr'>in</span> <span class='ocrx_word' id='word_1_40' title='bbox 1058 568 1243 606; x_wconf 87' lang='lat' dir='ltr'>amicitia</span> <span class='ocrx_word' id='word_1_41' title='bbox 1258 569 1483 607; x_wconf 87' lang='lat' dir='ltr'>amicorum</span> 
     </span>
     <span class='ocr_line' id='line_1_7' title="bbox 214 631 1484 682; baseline 0 -11"><span class='ocrx_word' id='word_1_42' title='bbox 214 633 315 671; x_wconf 86' lang='lat' dir='ltr'>bene</span> <span class='ocrx_word' id='word_1_43' title='bbox 346 632 609 671; x_wconf 75' lang='lat' dir='ltr'>suadentium</span> <span class='ocrx_word' id='word_1_44' title='bbox 637 632 773 669; x_wconf 81' lang='lat' dir='ltr'>valeat</span> <span class='ocrx_word' id='word_1_45' title='bbox 803 631 1039 679; x_wconf 87' lang='lat' dir='ltr'>auctoritas,</span> <span class='ocrx_word' id='word_1_46' title='bbox 1065 645 1194 682; x_wconf 89' lang='lat' dir='ltr'>eaque</span> <span class='ocrx_word' id='word_1_47' title='bbox 1224 637 1264 670; x_wconf 89' lang='lat' dir='ltr'>et</span> <span class='ocrx_word' id='word_1_48' title='bbox 1293 634 1484 671; x_wconf 88' lang='lat' dir='ltr'>adhibea-</span> 
     </span>
     <span class='ocr_line' id='line_1_8' title="bbox 213 696 1480 745; baseline 0.001 -11"><span class='ocrx_word' id='word_1_49' title='bbox 213 701 281 735; x_wconf 85' lang='lat' dir='ltr'>tur</span> <span class='ocrx_word' id='word_1_50' title='bbox 301 697 353 734; x_wconf 87' lang='lat' dir='ltr'>ad</span> <span class='ocrx_word' id='word_1_51' title='bbox 374 697 622 734; x_wconf 89' lang='lat' dir='ltr'>monendum</span> <span class='ocrx_word' id='word_1_52' title='bbox 646 709 727 733; x_wconf 90' lang='lat' dir='ltr'>non</span> <span class='ocrx_word' id='word_1_53' title='bbox 753 696 873 733; x_wconf 93' lang='lat' dir='ltr'>modo</span> <span class='ocrx_word' id='word_1_54' title='bbox 898 700 1050 745; x_wconf 82' lang='lat' dir='ltr'>aperte,</span> <span class='ocrx_word' id='word_1_55' title='bbox 1073 697 1145 734; x_wconf 90' lang='lat' dir='ltr'>sed</span> <span class='ocrx_word' id='word_1_56' title='bbox 1170 697 1295 735; x_wconf 90' lang='lat' dir='ltr'>etiam</span> <span class='ocrx_word' id='word_1_57' title='bbox 1321 698 1480 745; x_wconf 87' lang='lat' dir='ltr'>acriter,</span> 
     </span>
     <span class='ocr_line' id='line_1_9' title="bbox 214 760 1481 811; baseline 0 -12"><span class='ocrx_word' id='word_1_58' title='bbox 214 762 247 799; x_wconf 87' lang='lat' dir='ltr'>si</span> <span class='ocrx_word' id='word_1_59' title='bbox 284 774 347 798; x_wconf 87' lang='lat' dir='ltr'>res</span> <span class='ocrx_word' id='word_1_60' title='bbox 381 760 621 811; x_wconf 79' lang='lat' dir='ltr'>postulabit,</span> <span class='ocrx_word' id='word_1_61' title='bbox 655 764 695 797; x_wconf 90' lang='lat' dir='ltr'>et</span> <span class='ocrx_word' id='word_1_62' title='bbox 730 760 941 797; x_wconf 79' lang='lat' dir='ltr'>adhibitae</span> <span class='ocrx_word' id='word_1_63' title='bbox 977 765 1179 810; x_wconf 86' lang='lat' dir='ltr'>pareatur.</span> <span class='ocrx_word' id='word_1_64' title='bbox 1272 761 1335 800; x_wconf 89' lang='lat'>45.</span> <span class='ocrx_word' id='word_1_65' title='bbox 1372 763 1481 800; x_wconf 88' lang='lat' dir='ltr'>Nam</span> 
     </span>
     <span class='ocr_line' id='line_1_10' title="bbox 214 824 1480 875; baseline 0.002 -13"><span class='ocrx_word' id='word_1_66' title='bbox 214 825 473 875; x_wconf 86' lang='lat' dir='ltr'>quibusdam,</span> <span class='ocrx_word' id='word_1_67' title='bbox 502 838 603 874; x_wconf 85' lang='lat' dir='ltr'>quos</span> <span class='ocrx_word' id='word_1_68' title='bbox 629 824 756 862; x_wconf 88' lang='lat' dir='ltr'>audio</span> <span class='ocrx_word' id='word_1_69' title='bbox 786 824 994 874; x_wconf 87' lang='lat' dir='ltr'>sapientes</span> <span class='ocrx_word' id='word_1_70' title='bbox 1024 825 1188 863; x_wconf 85' lang='lat' dir='ltr'>habitos</span> <span class='ocrx_word' id='word_1_71' title='bbox 1220 825 1262 862; x_wconf 92' lang='grc'>111</span> <span class='ocrx_word' id='word_1_72' title='bbox 1295 827 1480 874; x_wconf 77' lang='lat' dir='ltr'>Graecia,</span> 
     </span>
     <span class='ocr_line' id='line_1_11' title="bbox 212 883 1480 940; baseline 0.002 -13"><span class='ocrx_word' id='word_1_73' title='bbox 212 890 417 940; x_wconf 77' lang='lat' dir='ltr'>placuisse</span> <span class='ocrx_word' id='word_1_74' title='bbox 456 883 600 938; x_wconf 78' lang='lat' dir='ltr'>opino&#39;r</span> <span class='ocrx_word' id='word_1_75' title='bbox 638 888 846 926; x_wconf 87' lang='lat' dir='ltr'>mirabilia</span> <span class='ocrx_word' id='word_1_76' title='bbox 886 889 1087 938; x_wconf 83' lang='lat' dir='ltr'>quaedam</span> <span class='ocrx_word' id='word_1_77' title='bbox 1129 890 1218 939; x_wconf 83' lang='lat' dir='ltr'>(sed</span> <span class='ocrx_word' id='word_1_78' title='bbox 1258 890 1365 927; x_wconf 86' lang='lat' dir='ltr'>nihil</span> <span class='ocrx_word' id='word_1_79' title='bbox 1406 895 1480 938; x_wconf 85' lang='lat' dir='ltr'>est,</span> 
     </span>
     <span class='ocr_line' id='line_1_12' title="bbox 213 953 1482 1005; baseline 0.002 -14"><span class='ocrx_word' id='word_1_80' title='bbox 213 955 323 1004; x_wconf 91' lang='lat' dir='ltr'>quod</span> <span class='ocrx_word' id='word_1_81' title='bbox 360 953 425 991; x_wconf 87' lang='lat' dir='ltr'>illi</span> <span class='ocrx_word' id='word_1_82' title='bbox 462 966 543 990; x_wconf 90' lang='lat' dir='ltr'>non</span> <span class='ocrx_word' id='word_1_83' title='bbox 583 957 884 1002; x_wconf 86' lang='lat' dir='ltr'>persequantur</span> <span class='ocrx_word' id='word_1_84' title='bbox 917 953 1133 1005; x_wconf 83' lang='lat' dir='ltr'>argutiis):</span> <span class='ocrx_word' id='word_1_85' title='bbox 1185 954 1338 1003; x_wconf 88' lang='lat' dir='ltr'>partim</span> <span class='ocrx_word' id='word_1_86' title='bbox 1377 956 1482 1005; x_wconf 79' lang='lat' dir='ltr'>fugi-</span> 
     </span>
     <span class='ocr_line' id='line_1_13' title="bbox 213 1017 1483 1064; baseline 0.001 -8"><span class='ocrx_word' id='word_1_87' title='bbox 213 1019 339 1056; x_wconf 81' lang='lat' dir='ltr'>endas</span> <span class='ocrx_word' id='word_1_88' title='bbox 365 1030 452 1056; x_wconf 87' lang='lat' dir='ltr'>esse</span> <span class='ocrx_word' id='word_1_89' title='bbox 480 1017 629 1055; x_wconf 85' lang='lat' dir='ltr'>nimias</span> <span class='ocrx_word' id='word_1_90' title='bbox 658 1017 875 1064; x_wconf 86' lang='lat' dir='ltr'>amicitias,</span> <span class='ocrx_word' id='word_1_91' title='bbox 902 1030 951 1054; x_wconf 90' lang='lat' dir='ltr'>ne</span> <span class='ocrx_word' id='word_1_92' title='bbox 979 1030 1144 1056; x_wconf 83' lang='lat' dir='ltr'>necesse</span> <span class='ocrx_word' id='word_1_93' title='bbox 1173 1019 1226 1056; x_wconf 88' lang='lat' dir='ltr'>sit</span> <span class='ocrx_word' id='word_1_94' title='bbox 1253 1032 1379 1057; x_wconf 88' lang='lat' dir='ltr'>unum</span> <span class='ocrx_word' id='word_1_95' title='bbox 1408 1020 1483 1057; x_wconf 89' lang='lat' dir='ltr'>sol-</span> 
     </span>
     <span class='ocr_line' id='line_1_14' title="bbox 213 1081 1480 1132; baseline 0.002 -12"><span class='ocrx_word' id='word_1_96' title='bbox 213 1083 372 1120; x_wconf 87' lang='lat' dir='ltr'>licitum</span> <span class='ocrx_word' id='word_1_97' title='bbox 407 1094 495 1120; x_wconf 86' lang='lat' dir='ltr'>esse</span> <span class='ocrx_word' id='word_1_98' title='bbox 530 1095 603 1131; x_wconf 88' lang='lat' dir='ltr'>pro</span> <span class='ocrx_word' id='word_1_99' title='bbox 637 1081 848 1131; x_wconf 82' lang='lat' dir='ltr'>pluribus3</span> <span class='ocrx_word' id='word_1_100' title='bbox 892 1082 992 1120; x_wconf 88' lang='lat' dir='ltr'>satis</span> <span class='ocrx_word' id='word_1_101' title='bbox 1032 1095 1235 1132; x_wconf 87' lang='lat' dir='ltr'>superque</span> <span class='ocrx_word' id='word_1_102' title='bbox 1275 1096 1362 1122; x_wconf 87' lang='lat' dir='ltr'>esse</span> <span class='ocrx_word' id='word_1_103' title='bbox 1403 1085 1480 1122; x_wconf 85' lang='lat' dir='ltr'>sibi</span> 
     </span>
     <span class='ocr_line' id='line_1_15' title="bbox 213 1146 1482 1197; baseline 0.002 -13"><span class='ocrx_word' id='word_1_104' title='bbox 213 1159 377 1185; x_wconf 87' lang='lat' dir='ltr'>suarum</span> <span class='ocrx_word' id='word_1_105' title='bbox 407 1146 553 1196; x_wconf 86' lang='lat' dir='ltr'>cuique</span> <span class='ocrx_word' id='word_1_106' title='bbox 587 1158 732 1193; x_wconf 88' lang='lat' dir='ltr'>rerum,</span> <span class='ocrx_word' id='word_1_107' title='bbox 764 1146 913 1184; x_wconf 87' lang='lat' dir='ltr'>alienis</span> <span class='ocrx_word' id='word_1_108' title='bbox 945 1146 1070 1185; x_wconf 87' lang='lat' dir='ltr'>nimis</span> <span class='ocrx_word' id='word_1_109' title='bbox 1102 1147 1307 1197; x_wconf 88' lang='lat' dir='ltr'>implicari</span> <span class='ocrx_word' id='word_1_110' title='bbox 1340 1149 1482 1187; x_wconf 86' lang='lat' dir='ltr'>moles-</span> 
     </span>
     <span class='ocr_line' id='line_1_16' title="bbox 212 1210 1481 1261; baseline 0.002 -12"><span class='ocrx_word' id='word_1_111' title='bbox 212 1216 300 1249; x_wconf 89' lang='lat' dir='ltr'>tum</span> <span class='ocrx_word' id='word_1_112' title='bbox 348 1223 462 1258; x_wconf 81' lang='lat' dir='ltr'>esse3</span> <span class='ocrx_word' id='word_1_113' title='bbox 515 1210 888 1248; x_wconf 88' lang='lat' dir='ltr'>commodissimum</span> <span class='ocrx_word' id='word_1_114' title='bbox 940 1223 1026 1249; x_wconf 86' lang='lat' dir='ltr'>esse</span> <span class='ocrx_word' id='word_1_115' title='bbox 1075 1224 1198 1261; x_wconf 87' lang='lat' dir='ltr'>quam</span> <span class='ocrx_word' id='word_1_116' title='bbox 1246 1212 1481 1251; x_wconf 82' lang='lat' dir='ltr'>laxissimas</span> 
     </span>
     <span class='ocr_line' id='line_1_17' title="bbox 212 1274 1479 1325; baseline 0.002 -12"><span class='ocrx_word' id='word_1_117' title='bbox 212 1276 392 1314; x_wconf 88' lang='lat' dir='ltr'>habenas</span> <span class='ocrx_word' id='word_1_118' title='bbox 436 1275 585 1313; x_wconf 85' lang='lat' dir='ltr'>habere</span> <span class='ocrx_word' id='word_1_119' title='bbox 629 1274 849 1321; x_wconf 78' lang='lat' dir='ltr'>amicitiae,</span> <span class='ocrx_word' id='word_1_120' title='bbox 892 1287 993 1324; x_wconf 85' lang='lat' dir='ltr'>quas</span> <span class='ocrx_word' id='word_1_121' title='bbox 1038 1275 1101 1313; x_wconf 84' lang='lat' dir='ltr'>vel</span> <span class='ocrx_word' id='word_1_122' title='bbox 1151 1277 1344 1325; x_wconf 82' lang='lat' dir='ltr'>adducas,</span> <span class='ocrx_word' id='word_1_123' title='bbox 1389 1290 1479 1316; x_wconf 86' lang='lat' dir='ltr'>cum</span> 
     </span>
     <span class='ocr_line' id='line_1_18' title="bbox 212 1339 1482 1389; baseline 0.002 -11"><span class='ocrx_word' id='word_1_124' title='bbox 212 1340 327 1388; x_wconf 82' lang='lat' dir='ltr'>velis,</span> <span class='ocrx_word' id='word_1_125' title='bbox 353 1339 418 1377; x_wconf 85' lang='lat' dir='ltr'>vel</span> <span class='ocrx_word' id='word_1_126' title='bbox 449 1339 660 1387; x_wconf 81' lang='lat' dir='ltr'>remittas3</span> <span class='ocrx_word' id='word_1_127' title='bbox 701 1343 825 1389; x_wconf 88' lang='lat' dir='ltr'>caput</span> <span class='ocrx_word' id='word_1_128' title='bbox 854 1339 964 1377; x_wconf 91' lang='lat' dir='ltr'>enim</span> <span class='ocrx_word' id='word_1_129' title='bbox 994 1353 1082 1378; x_wconf 89' lang='lat' dir='ltr'>esse</span> <span class='ocrx_word' id='word_1_130' title='bbox 1113 1341 1165 1378; x_wconf 89' lang='lat' dir='ltr'>ad</span> <span class='ocrx_word' id='word_1_131' title='bbox 1196 1341 1314 1379; x_wconf 88' lang='lat' dir='ltr'>beate</span> <span class='ocrx_word' id='word_1_132' title='bbox 1345 1342 1482 1380; x_wconf 89' lang='lat' dir='ltr'>viven-</span> 
     </span>
     <span class='ocr_line' id='line_1_19' title="bbox 211 1403 1481 1454; baseline 0.002 -12"><span class='ocrx_word' id='word_1_133' title='bbox 211 1405 309 1442; x_wconf 90' lang='lat' dir='ltr'>dum</span> <span class='ocrx_word' id='word_1_134' title='bbox 335 1403 611 1451; x_wconf 83' lang='lat' dir='ltr'>securitatem,</span> <span class='ocrx_word' id='word_1_135' title='bbox 633 1416 715 1453; x_wconf 84' lang='lat' dir='ltr'>qua</span> <span class='ocrx_word' id='word_1_136' title='bbox 741 1403 825 1441; x_wconf 83' lang='lat' dir='ltr'>frui</span> <span class='ocrx_word' id='word_1_137' title='bbox 853 1416 935 1441; x_wconf 89' lang='grc'><strong>11011</strong></span> <span class='ocrx_word' id='word_1_138' title='bbox 962 1405 1093 1454; x_wconf 87' lang='lat' dir='ltr'>possit</span> <span class='ocrx_word' id='word_1_139' title='bbox 1120 1405 1294 1451; x_wconf 83' lang='lat' dir='ltr'>animus,</span> <span class='ocrx_word' id='word_1_140' title='bbox 1321 1406 1355 1444; x_wconf 89' lang='lat' dir='ltr'>si</span> <span class='ocrx_word' id='word_1_141' title='bbox 1382 1411 1481 1445; x_wconf 86' lang='lat' dir='ltr'>tam-</span> 
     </span>
     <span class='ocr_line' id='line_1_20' title="bbox 212 1468 1480 1519; baseline 0.002 -13"><span class='ocrx_word' id='word_1_142' title='bbox 212 1481 333 1519; x_wconf 87' lang='lat' dir='ltr'>quam</span> <span class='ocrx_word' id='word_1_143' title='bbox 358 1468 563 1518; x_wconf 86' lang='lat' dir='ltr'>parturiat</span> <span class='ocrx_word' id='word_1_144' title='bbox 586 1481 692 1506; x_wconf 89' lang='lat' dir='ltr'>unus</span> <span class='ocrx_word' id='word_1_145' title='bbox 717 1481 791 1518; x_wconf 88' lang='lat' dir='ltr'>pro</span> <span class='ocrx_word' id='word_1_146' title='bbox 815 1468 1014 1518; x_wconf 90' lang='lat' dir='ltr'>pluribus.</span> <span class='ocrx_word' id='word_1_147' title='bbox 1100 1469 1164 1508; x_wconf 89' lang='lat'>46.</span> <span class='ocrx_word' id='word_1_148' title='bbox 1196 1470 1314 1508; x_wconf 81' lang='lat' dir='ltr'>Alios</span> <span class='ocrx_word' id='word_1_149' title='bbox 1342 1475 1480 1509; x_wconf 87' lang='lat' dir='ltr'>autem</span> 
     </span>
    </p>
   </div>
   <div class='ocr_carea' id='block_1_5' title="bbox 211 1532 1516 1584">
    <p class='ocr_par' dir='ltr' id='par_1_5' title="bbox 211 1532 1516 1584">
     <span class='ocr_line' id='line_1_21' title="bbox 211 1532 1516 1584; baseline 0.002 -14"><span class='ocrx_word' id='word_1_150' title='bbox 211 1533 346 1570; x_wconf 84' lang='lat' dir='ltr'>dicere</span> <span class='ocrx_word' id='word_1_151' title='bbox 380 1533 496 1570; x_wconf 87' lang='lat' dir='ltr'>aiunt</span> <span class='ocrx_word' id='word_1_152' title='bbox 530 1533 660 1570; x_wconf 90' lang='lat' dir='ltr'>multo</span> <span class='ocrx_word' id='word_1_153' title='bbox 698 1533 824 1570; x_wconf 89' lang='lat' dir='ltr'>etiam</span> <span class='ocrx_word' id='word_1_154' title='bbox 862 1532 1129 1572; x_wconf 88' lang='lat' dir='ltr'>inhumanius</span> <span class='ocrx_word' id='word_1_155' title='bbox 1166 1534 1306 1584; x_wconf 86' lang='lat' dir='ltr'>(quem</span> <span class='ocrx_word' id='word_1_156' title='bbox 1346 1535 1480 1573; x_wconf 88' lang='lat' dir='ltr'>locum</span> <span class='ocrx_word' id='word_1_157' title='bbox 1510 1550 1516 1559; x_wconf 69' lang='lat'><strong>⁴</strong></span> 
     </span>
    </p>
   </div>
   <div class='ocr_carea' id='block_1_6' title="bbox 210 1597 1480 1843">
    <p class='ocr_par' dir='ltr' id='par_1_6' title="bbox 210 1597 1480 1843">
     <span class='ocr_line' id='line_1_22' title="bbox 210 1597 1479 1650; baseline 0.003 -16"><span class='ocrx_word' id='word_1_158' title='bbox 210 1598 390 1635; x_wconf 84' lang='lat' dir='ltr'>breviter</span> <span class='ocrx_word' id='word_1_159' title='bbox 414 1597 538 1647; x_wconf 89' lang='lat' dir='ltr'>paulo</span> <span class='ocrx_word' id='word_1_160' title='bbox 565 1600 660 1635; x_wconf 87' lang='lat' dir='ltr'>ante</span> <span class='ocrx_word' id='word_1_161' title='bbox 688 1597 931 1649; x_wconf 81' lang='lat' dir='ltr'>perstrinxi)</span> <span class='ocrx_word' id='word_1_162' title='bbox 958 1598 1140 1647; x_wconf 88' lang='lat' dir='ltr'>praesidi</span> <span class='ocrx_word' id='word_1_163' title='bbox 1167 1599 1479 1650; x_wconf 84' lang='lat' dir='ltr'>adiumentique</span> 
     </span>
     <span class='ocr_line' id='line_1_23' title="bbox 211 1661 1480 1712; baseline 0.003 -12"><span class='ocrx_word' id='word_1_164' title='bbox 211 1674 343 1707; x_wconf 85' lang='lat' dir='ltr'>causa,</span> <span class='ocrx_word' id='word_1_165' title='bbox 367 1674 447 1699; x_wconf 89' lang='grc'><strong>11011</strong></span> <span class='ocrx_word' id='word_1_166' title='bbox 468 1661 780 1700; x_wconf 87' lang='lat' dir='ltr'>benevolentiae</span> <span class='ocrx_word' id='word_1_167' title='bbox 801 1674 933 1712; x_wconf 85' lang='lat' dir='ltr'>neque</span> <span class='ocrx_word' id='word_1_168' title='bbox 954 1662 1140 1701; x_wconf 87' lang='lat' dir='ltr'>caritatis</span> <span class='ocrx_word' id='word_1_169' title='bbox 1161 1663 1366 1703; x_wconf 86' lang='lat' dir='ltr'>amicitias</span> <span class='ocrx_word' id='word_1_170' title='bbox 1391 1677 1480 1704; x_wconf 87' lang='lat' dir='ltr'>esse</span> 
     </span>
     <span class='ocr_line' id='line_1_24' title="bbox 210 1726 1479 1776; baseline 0.003 -12"><span class='ocrx_word' id='word_1_171' title='bbox 210 1726 484 1776; x_wconf 69' lang='lat' dir='ltr'>expetendas:</span> <span class='ocrx_word' id='word_1_172' title='bbox 525 1726 678 1776; x_wconf 72' lang='lat' dir='ltr'>itaque,</span> <span class='ocrx_word' id='word_1_173' title='bbox 714 1730 760 1764; x_wconf 91' lang='lat' dir='ltr'>ut</span> <span class='ocrx_word' id='word_1_174' title='bbox 799 1726 974 1776; x_wconf 83' lang='lat' dir='ltr'>quisque</span> <span class='ocrx_word' id='word_1_175' title='bbox 1013 1727 1231 1765; x_wconf 88' lang='lat' dir='ltr'>minimum</span> <span class='ocrx_word' id='word_1_176' title='bbox 1268 1728 1479 1769; x_wconf 88' lang='lat' dir='ltr'>firmitatis</span> 
     </span>
     <span class='ocr_line' id='line_1_25' title="bbox 210 1790 1479 1843; baseline 0.002 -14"><span class='ocrx_word' id='word_1_177' title='bbox 210 1790 380 1829; x_wconf 87' lang='lat' dir='ltr'>haberet</span> <span class='ocrx_word' id='word_1_178' title='bbox 414 1790 714 1840; x_wconf 86' lang='lat' dir='ltr'>minimumque</span> <span class='ocrx_word' id='word_1_179' title='bbox 748 1790 914 1838; x_wconf 83' lang='lat' dir='ltr'>virium,</span> <span class='ocrx_word' id='word_1_180' title='bbox 947 1791 1007 1829; x_wconf 91' lang='lat' dir='ltr'>ita</span> <span class='ocrx_word' id='word_1_181' title='bbox 1040 1792 1245 1830; x_wconf 89' lang='lat' dir='ltr'>amicitias</span> <span class='ocrx_word' id='word_1_182' title='bbox 1285 1798 1479 1843; x_wconf 87' lang='lat' dir='ltr'>appetere</span> 
     </span>
    </p>
   </div>
   <div class='ocr_carea' id='block_1_7' title="bbox 210 1854 1544 1905">
    <p class='ocr_par' dir='ltr' id='par_1_7' title="bbox 210 1854 1544 1905">
     <span class='ocr_line' id='line_1_26' title="bbox 210 1854 1544 1905; baseline 0.003 -13"><span class='ocrx_word' id='word_1_183' title='bbox 210 1855 409 1903; x_wconf 84' lang='lat' dir='ltr'>maxime;</span> <span class='ocrx_word' id='word_1_184' title='bbox 449 1867 499 1892; x_wconf 82' lang='lat' dir='ltr'>ex</span> <span class='ocrx_word' id='word_1_185' title='bbox 529 1867 575 1892; x_wconf 93' lang='lat' dir='ltr'>eo</span> <span class='ocrx_word' id='word_1_186' title='bbox 604 1854 706 1899; x_wconf 88' lang='lat' dir='ltr'>fieri,</span> <span class='ocrx_word' id='word_1_187' title='bbox 738 1859 783 1892; x_wconf 90' lang='lat' dir='ltr'>ut</span> <span class='ocrx_word' id='word_1_188' title='bbox 814 1855 1081 1894; x_wconf 87' lang='lat' dir='ltr'>mulierculae</span> <span class='ocrx_word' id='word_1_189' title='bbox 1116 1857 1247 1905; x_wconf 82' lang='lat' dir='ltr'>magis</span> <span class='ocrx_word' id='word_1_190' title='bbox 1282 1858 1480 1896; x_wconf 89' lang='lat' dir='ltr'>amicitia-</span> <span class='ocrx_word' id='word_1_191' title='bbox 1509 1871 1544 1897; x_wconf 70' lang='lat'>‘5</span> 
     </span>
    </p>
   </div>
   <div class='ocr_carea' id='block_1_8' title="bbox 208 1919 1480 2359">
    <p class='ocr_par' dir='ltr' id='par_1_8' title="bbox 208 1919 1480 2359">
     <span class='ocr_line' id='line_1_27' title="bbox 210 1919 1477 1972; baseline 0.003 -16"><span class='ocrx_word' id='word_1_192' title='bbox 210 1933 299 1957; x_wconf 84' lang='lat' dir='ltr'>rum</span> <span class='ocrx_word' id='word_1_193' title='bbox 334 1919 541 1969; x_wconf 88' lang='lat' dir='ltr'>praesidia</span> <span class='ocrx_word' id='word_1_194' title='bbox 578 1923 780 1968; x_wconf 84' lang='lat' dir='ltr'>quaerant</span> <span class='ocrx_word' id='word_1_195' title='bbox 819 1932 942 1969; x_wconf 82' lang='lat' dir='ltr'>quain</span> <span class='ocrx_word' id='word_1_196' title='bbox 976 1920 1055 1957; x_wconf 86' lang='lat' dir='ltr'>viri</span> <span class='ocrx_word' id='word_1_197' title='bbox 1095 1925 1136 1958; x_wconf 90' lang='lat' dir='ltr'>et</span> <span class='ocrx_word' id='word_1_198' title='bbox 1174 1921 1316 1971; x_wconf 84' lang='lat' dir='ltr'>inopes</span> <span class='ocrx_word' id='word_1_199' title='bbox 1356 1935 1477 1972; x_wconf 89' lang='lat' dir='ltr'>quam</span> 
     </span>
     <span class='ocr_line' id='line_1_28' title="bbox 210 1983 1477 2035; baseline 0.003 -14"><span class='ocrx_word' id='word_1_200' title='bbox 210 1984 396 2034; x_wconf 88' lang='lat' dir='ltr'>opulenti</span> <span class='ocrx_word' id='word_1_201' title='bbox 429 1988 470 2021; x_wconf 91' lang='lat' dir='ltr'>et</span> <span class='ocrx_word' id='word_1_202' title='bbox 504 1983 733 2022; x_wconf 88' lang='lat' dir='ltr'>calamitosi</span> <span class='ocrx_word' id='word_1_203' title='bbox 769 1997 891 2033; x_wconf 82' lang='lat' dir='ltr'>quani</span> <span class='ocrx_word' id='word_1_204' title='bbox 927 1985 976 2027; x_wconf 72' lang='lat' dir='ltr'>ei,</span> <span class='ocrx_word' id='word_1_205' title='bbox 1012 1985 1083 2034; x_wconf 85' lang='lat' dir='ltr'>qui</span> <span class='ocrx_word' id='word_1_206' title='bbox 1123 1990 1321 2035; x_wconf 87' lang='lat' dir='ltr'>putentur</span> <span class='ocrx_word' id='word_1_207' title='bbox 1355 1987 1477 2025; x_wconf 89' lang='lat' dir='ltr'>beati.</span> 
     </span>
     <span class='ocr_line' id='line_1_29' title="bbox 208 2047 1479 2098; baseline 0.003 -13"><span class='ocrx_word' id='word_1_208' title='bbox 208 2047 271 2086; x_wconf 84' lang='lat'>47.</span> <span class='ocrx_word' id='word_1_209' title='bbox 307 2048 340 2086; x_wconf 90' lang='lat' dir='ltr'>O</span> <span class='ocrx_word' id='word_1_210' title='bbox 365 2048 618 2098; x_wconf 89' lang='lat' dir='ltr'>praeclaram</span> <span class='ocrx_word' id='word_1_211' title='bbox 646 2048 916 2097; x_wconf 75' lang='lat' dir='ltr'>sapientiam!</span> <span class='ocrx_word' id='word_1_212' title='bbox 976 2049 1111 2087; x_wconf 78' lang='lat' dir='ltr'>Solem</span> <span class='ocrx_word' id='word_1_213' title='bbox 1140 2050 1250 2087; x_wconf 86' lang='grc'><strong>0111111</strong></span> <span class='ocrx_word' id='word_1_214' title='bbox 1278 2063 1297 2087; x_wconf 92' lang='grc'><strong>0</strong></span> <span class='ocrx_word' id='word_1_215' title='bbox 1326 2052 1479 2089; x_wconf 87' lang='lat' dir='ltr'>mundo</span> 
     </span>
     <span class='ocr_line' id='line_1_30' title="bbox 208 2112 1480 2165; baseline 0.003 -16"><span class='ocrx_word' id='word_1_216' title='bbox 208 2112 353 2150; x_wconf 89' lang='lat' dir='ltr'>tollere</span> <span class='ocrx_word' id='word_1_217' title='bbox 392 2113 599 2159; x_wconf 87' lang='lat' dir='ltr'>videntur,</span> <span class='ocrx_word' id='word_1_218' title='bbox 635 2112 707 2162; x_wconf 85' lang='lat' dir='ltr'>qui</span> <span class='ocrx_word' id='word_1_219' title='bbox 745 2113 969 2151; x_wconf 89' lang='lat' dir='ltr'>amicitiam</span> <span class='ocrx_word' id='word_1_220' title='bbox 1011 2126 1031 2151; x_wconf 92' lang='lat' dir='ltr'>e</span> <span class='ocrx_word' id='word_1_221' title='bbox 1073 2114 1160 2152; x_wconf 90' lang='lat' dir='ltr'>vita</span> <span class='ocrx_word' id='word_1_222' title='bbox 1196 2114 1363 2163; x_wconf 85' lang='lat' dir='ltr'>tollunt,</span> <span class='ocrx_word' id='word_1_223' title='bbox 1399 2129 1480 2165; x_wconf 82' lang='lat' dir='ltr'>qua</span> 
     </span>
     <span class='ocr_line' id='line_1_31' title="bbox 208 2177 1480 2219; baseline 0.003 -6"><span class='ocrx_word' id='word_1_224' title='bbox 208 2177 313 2214; x_wconf 89' lang='lat' dir='ltr'>nihil</span> <span class='ocrx_word' id='word_1_225' title='bbox 339 2189 362 2215; x_wconf 90' lang='lat' dir='ltr'>a</span> <span class='ocrx_word' id='word_1_226' title='bbox 385 2177 449 2215; x_wconf 88' lang='lat' dir='ltr'>dis</span> <span class='ocrx_word' id='word_1_227' title='bbox 474 2177 777 2215; x_wconf 85' lang='lat' dir='ltr'>immortalibus</span> <span class='ocrx_word' id='word_1_228' title='bbox 803 2177 951 2216; x_wconf 86' lang='lat' dir='ltr'>melius</span> <span class='ocrx_word' id='word_1_229' title='bbox 976 2178 1186 2219; x_wconf 79' lang='lat' dir='ltr'>habemus.</span> <span class='ocrx_word' id='word_1_230' title='bbox 1209 2180 1313 2216; x_wconf 89' lang='lat' dir='ltr'>nihil</span> <span class='ocrx_word' id='word_1_231' title='bbox 1343 2180 1480 2218; x_wconf 84' lang='lat' dir='ltr'>iucun-</span> 
     </span>
     <span class='ocr_line' id='line_1_32' title="bbox 209 2241 1479 2294; baseline 0.003 -16"><span class='ocrx_word' id='word_1_232' title='bbox 209 2241 312 2279; x_wconf 88' lang='lat' dir='ltr'>dius.</span> <span class='ocrx_word' id='word_1_233' title='bbox 371 2241 482 2286; x_wconf 84' lang='lat' dir='ltr'>Quae</span> <span class='ocrx_word' id='word_1_234' title='bbox 510 2245 573 2279; x_wconf 88' lang='lat' dir='ltr'>est</span> <span class='ocrx_word' id='word_1_235' title='bbox 600 2242 709 2278; x_wconf 90' lang='grc'><strong>0111111</strong></span> <span class='ocrx_word' id='word_1_236' title='bbox 737 2242 818 2280; x_wconf 90' lang='lat' dir='ltr'>ista</span> <span class='ocrx_word' id='word_1_237' title='bbox 845 2242 1080 2281; x_wconf 72' lang='lat' dir='ltr'>securitas?</span> <span class='ocrx_word' id='word_1_238' title='bbox 1139 2244 1281 2293; x_wconf 74' lang='lat' dir='ltr'>Specie</span> <span class='ocrx_word' id='word_1_239' title='bbox 1312 2245 1479 2294; x_wconf 86' lang='lat' dir='ltr'>quidem</span> 
     </span>
     <span class='ocr_line' id='line_1_33' title="bbox 208 2305 1478 2359; baseline 0.003 -17"><span class='ocrx_word' id='word_1_240' title='bbox 208 2305 372 2352; x_wconf 78' lang='lat' dir='ltr'>blanda,</span> <span class='ocrx_word' id='word_1_241' title='bbox 405 2305 476 2343; x_wconf 88' lang='lat' dir='ltr'>sed</span> <span class='ocrx_word' id='word_1_242' title='bbox 510 2317 651 2355; x_wconf 87' lang='lat' dir='ltr'>reapse</span> <span class='ocrx_word' id='word_1_243' title='bbox 686 2306 830 2345; x_wconf 86' lang='lat' dir='ltr'>multis</span> <span class='ocrx_word' id='word_1_244' title='bbox 865 2306 965 2346; x_wconf 85' lang='lat' dir='ltr'>locis</span> <span class='ocrx_word' id='word_1_245' title='bbox 1001 2307 1266 2358; x_wconf 86' lang='lat' dir='ltr'>repudianda.</span> <span class='ocrx_word' id='word_1_246' title='bbox 1332 2310 1478 2359; x_wconf 79' lang='lat' dir='ltr'>Neque</span> 
     </span>
    </p>
   </div>
   <div class='ocr_carea' id='block_1_9' title="bbox 1496 189 1550 231">
    <p class='ocr_par' dir='ltr' id='par_1_9' title="bbox 1496 189 1550 231">
     <span class='ocr_line' id='line_1_34' title="bbox 1496 189 1550 231; baseline 0 0"><span class='ocrx_word' id='word_1_247' title='bbox 1496 189 1550 231; x_wconf 82' lang='lat'>19</span> 
     </span>
    </p>
   </div>
   <div class='ocr_carea' id='block_1_10' title="bbox 1531 579 1549 605">
    <p class='ocr_par' dir='ltr' id='par_1_10' title="bbox 1531 579 1549 605">
     <span class='ocr_line' id='line_1_35' title="bbox 1531 579 1549 605; textangle 90"><span class='ocrx_word' id='word_1_248' title='bbox 1531 579 1549 605; x_wconf 64' lang='lat' dir='ltr'>‘ct</span> 
     </span>
    </p>
   </div>
   <div class='ocr_carea' id='block_1_11' title="bbox 1514 901 1549 929">
    <p class='ocr_par' dir='ltr' id='par_1_11' title="bbox 1514 901 1549 929">
     <span class='ocr_line' id='line_1_36' title="bbox 1514 901 1549 929; baseline -0.086 0"><span class='ocrx_word' id='word_1_249' title='bbox 1514 901 1549 929; x_wconf 78' lang='lat'>10</span> 
     </span>
    </p>
   </div>
   <div class='ocr_carea' id='block_1_12' title="bbox 1514 1224 1548 1252">
    <p class='ocr_par' dir='ltr' id='par_1_12' title="bbox 1514 1224 1548 1252">
     <span class='ocr_line' id='line_1_37' title="bbox 1514 1224 1548 1252; baseline -0.029 0"><span class='ocrx_word' id='word_1_250' title='bbox 1514 1224 1548 1252; x_wconf 83' lang='lat'>15</span> 
     </span>
    </p>
   </div>
   <div class='ocr_carea' id='block_1_13' title="bbox 1509 2192 1547 2220">
    <p class='ocr_par' dir='ltr' id='par_1_13' title="bbox 1509 2192 1547 2220">
     <span class='ocr_line' id='line_1_38' title="bbox 1509 2192 1547 2220; baseline 0 0"><span class='ocrx_word' id='word_1_251' title='bbox 1509 2192 1547 2220; x_wconf 83' lang='lat'>30</span> 
     </span>
    </p>
   </div>
  </div>
 </body>
</html>
