1747 2620
694 232 922 262 CHAPTERs
952 232 1006 268 11.,
1024 231 1081 261 111.

222 357 303 394 quo
337 343 560 382 amicorum
595 343 765 381 decessu
800 342 986 393 plerique
1022 342 1117 391 angi
1151 342 1295 381 solent.
1368 342 1489 381 Nihil

222 408 321 446 mali
355 408 553 446 accidisse
589 407 771 457 Scipioni
809 411 931 457 puto3
976 407 1079 444 mihi
1117 407 1280 455 accidit,
1316 407 1350 445 si
1390 407 1491 457 quid

222 473 394 520 accidit;
443 472 528 510 suis
568 475 706 510 autem
743 471 1014 509 incommodis
1054 472 1235 520 graviter
1274 471 1369 520 angi
1409 484 1490 509 non

223 536 412 585 amicum,
443 536 515 575 sed
550 548 592 574 se
627 536 763 586 ipsum
797 536 974 574 amantis
1010 540 1082 574 est.
1178 536 1238 574 11.
1276 536 1379 574 Cum
1418 535 1491 573 illo

223 614 319 639 vero
351 600 443 651 quis
477 604 599 650 neget
633 605 770 638 actum
804 613 892 639 esse
927 600 1170 651 praeclare?
1235 600 1332 638 Nisi
1368 599 1489 647 enim,

223 665 333 716 quod
358 665 429 704 ille
454 665 624 703 minime
651 665 836 715 putabat,
862 664 1219 703 immortalitatem
1243 668 1385 714 optare
1411 664 1492 702 vel-

223 729 293 778 let,
333 729 433 780 quid
473 743 555 767 non
595 729 771 780 adeptus
812 733 886 776 est,
926 729 1037 779 quod
1076 729 1234 767 homini
1277 729 1341 767 fas
1384 732 1492 767 esset

224 795 401 844 optare?
437 794 507 843 qui
535 806 737 832 summam
764 806 879 843 spem
906 793 1072 840 civium,
1101 806 1225 843 quam
1256 793 1303 830 de
1334 805 1380 830 eo
1410 793 1492 830 iam

223 870 350 908 puero
379 858 620 905 habuerant,
651 858 848 896 continuo
877 857 1120 896 adulescens
1152 857 1386 895 incredibili
1416 857 1493 894 vir-

224 926 313 960 tute
339 922 562 972 superavit,
586 922 657 972 qui
685 922 944 961 consulatum
971 921 1122 972 petivit
1148 934 1385 971 numquam,
1412 922 1493 959 fac-

223 990 292 1025 tus
322 986 464 1025 consul
495 990 558 1025 est
586 986 662 1034 bis,
691 986 869 1036 primum
900 990 995 1024 ante
1025 990 1201 1036 tempus,
1232 986 1382 1024 iterum
1414 986 1492 1024 sibi

225 1063 298 1089 suo
318 1055 516 1101 tempore,
538 1050 596 1088 rei
616 1050 803 1100 publicae
829 1062 959 1100 paene
985 1062 1085 1099 sero,
1108 1050 1180 1101 qui
1204 1050 1362 1089 duabus
1389 1050 1494 1088 urbi-

224 1115 300 1153 bus
322 1115 476 1154 eversis
497 1114 796 1153 inimicissimis
816 1115 912 1153 huic
935 1115 1108 1165 imperio
1132 1128 1214 1152 non
1238 1115 1359 1152 modo
1383 1127 1495 1164 prae-

225 1180 371 1227 sentia,
392 1192 535 1217 verum
556 1180 682 1217 etiam
703 1179 846 1217 futura
869 1179 979 1218 bella
1002 1179 1168 1217 delevit.
1227 1179 1335 1224 Quid
1361 1179 1494 1217 dicam

225 1244 275 1281 de
295 1243 478 1282 moribus
495 1243 722 1291 facillimis,
741 1243 790 1281 de
807 1244 962 1294 pietate
979 1243 1022 1280 in
1039 1248 1225 1292 matrem,
1243 1243 1494 1282 liberalitate

224 1307 267 1345 in
299 1320 468 1356 sorores,
499 1307 684 1346 bonitate
714 1307 758 1345 in
787 1320 893 1356 suos,
924 1307 1086 1346 iustitia
1115 1307 1159 1345 in
1187 1320 1328 1346 01111103
1344 1309 1363 1345 ⁴?
1397 1312 1496 1346 nota

225 1375 322 1410 sunt
342 1372 468 1410 vobis.
524 1372 654 1417 Quam
676 1376 813 1410 autem
834 1371 995 1410 civitati
1016 1384 1134 1410 carus
1154 1372 1294 1420 fuerit,
1313 1384 1494 1410 maerore

224 1436 384 1474 funeris
419 1436 647 1474 indicatum
682 1440 754 1474 est.
825 1436 936 1482 Quid
968 1436 1096 1485 igitur
1129 1436 1238 1474 hunc
1272 1449 1494 1486 paucorum

226 1513 427 1538 annorum
458 1500 636 1539 accessio
667 1500 808 1539 iuvare
842 1500 1080 1551 potuisset?
1152 1501 1350 1539 Senectus
1385 1501 1495 1538 enim

226 1564 416 1615 quamvis
454 1577 537 1603 non
575 1564 630 1603 311
670 1565 819 1613 gravis,
858 1564 914 1603 111
945 1565 1115 1602 memini
1147 1565 1345 1604 Catonem
1388 1578 1496 1603 anno
1525 1578 1531 1587 ·

226 1632 335 1677 01110,
357 1641 481 1678 quam
508 1633 571 1667 est
597 1633 796 1677 mortuus,
821 1641 981 1667 mecum
1008 1634 1050 1667 01
1075 1642 1169 1667 011111
1197 1629 1389 1679 Scipione
1417 1630 1496 1668 dis-

227 1705 372 1741 serere,
405 1697 543 1731 tamen
578 1693 716 1731 aufert
750 1705 839 1731 eam
871 1693 1141 1741 viriditatem,
1174 1693 1218 1731 111
1251 1707 1333 1743 qua
1370 1694 1496 1732 etiam

227 1770 335 1795 nunc
369 1761 457 1795 erat
492 1757 640 1807 Scipio.
735 1757 797 1796 12.
832 1757 963 1803 Quam
998 1758 1049 1796 ob
1083 1770 1168 1795 rem
1202 1757 1291 1796 vita
1328 1758 1496 1808 quidem

226 1821 324 1859 talis
352 1821 434 1859 fuit
459 1822 524 1859 vel
552 1822 722 1860 fortuna
744 1821 810 1860 vel
838 1822 981 1871 gloria,
1008 1826 1055 1860 ut
1084 1822 1191 1860 nihil
1221 1826 1361 1872 posset
1390 1835 1498 1861 0000-

228 1886 334 1934 dere,
365 1886 567 1923 moriendi
597 1890 733 1924 autem
764 1898 929 1925 sensum
959 1886 1150 1925 celeritas
1181 1887 1377 1936 abstulit,
1418 1900 1497 1937 quo

228 1951 278 1988 de
312 1962 459 1999 genere
498 1951 643 1988 mortis
682 1950 850 1989 difficile
889 1951 1003 1989 dictu
1041 1955 1126 1999 est3
1171 1951 1272 2001 quid
1310 1951 1497 1990 homines

229 2014 502 2064 suspicentur,
541 2015 718 2063 videtis3
767 2014 843 2052 hoc
886 2027 981 2053 vere
1024 2019 1165 2053 tamen
1207 2015 1306 2053 licet
1349 2016 1496 2063 dicere,

228 2079 273 2116 P.
307 2078 490 2128 Scipioni
519 2091 571 2116 ex
601 2079 744 2117 multis
775 2079 933 2127 diebus,
964 2092 1066 2129 quos
1097 2079 1141 2117 in
1170 2079 1259 2118 vita
1289 2080 1500 2118 celeberri-

228 2155 316 2181 mos
354 2143 686 2193 laetissimosque
720 2143 884 2191 viderit,
916 2143 1035 2181 illum
1074 2143 1183 2182 diem
1222 2144 1498 2182 clarissimum

229 2207 372 2255 fuisse,
403 2220 495 2245 cum
528 2211 673 2246 senatu
704 2208 877 2246 dimisso
908 2208 1075 2245 domum
1107 2208 1302 2246 reductus
1333 2209 1386 2247 ad
1414 2221 1500 2246 ves·
1537 2230 1542 2233 <

230 2284 374 2322 perum
414 2276 477 2310 est
515 2285 539 2310 a
576 2273 764 2322 patribus
806 2272 1064 2323 conscriptis,
1103 2272 1256 2323 populo
1298 2273 1499 2321 Romano,

231 2335 352 2374 sociis
383 2340 424 2374 et
453 2335 628 2383 Latinis,
660 2336 795 2386 pridie
826 2349 947 2387 quam
980 2337 1159 2375 excessit
1190 2349 1210 2375 e
1241 2337 1340 2383 vita,
1370 2340 1417 2376 ut
1450 2349 1501 2375 ex

1524 930 1560 958 10

1526 1253 1561 1281 15
