1747 2620
161 880 196 908 10

162 1202 196 1229 15

162 1524 199 1551 20

165 2168 202 2195 :30

574 183 760 212 LAELIL's
789 183 846 210 DE
875 182 1076 212 AMICITIA

224 294 333 332 enim
367 298 429 332 est
467 298 785 331 consentaneum
824 292 953 330 ullam
991 293 1208 331 honestam
1247 306 1331 331 rem
1371 294 1492 332 aetio-

225 371 382 398 nemve.
404 372 454 395 ne
480 358 683 395 sollicitus
709 357 777 404 sis,
800 362 870 395 aut
895 370 975 395 non
1002 358 1209 407 suscipere
1235 363 1305 395 aut
1333 371 1492 408 suseep-

224 428 309 460 tam
326 423 539 472 deponere.
589 422 706 467 Quod
723 422 756 459 si
774 434 911 459 euram
928 422 1124 470 fugimus,
1139 422 1273 460 virtus
1294 422 1493 470 fugienda

225 491 298 527 est,
321 499 423 536 quae
449 498 614 524 necesse
642 490 704 524 est
732 498 821 523 eum
851 486 991 535 aliqua
1017 499 1114 524 cura
1140 498 1203 524 res
1232 486 1307 523 sibi
1337 491 1493 524 contra-

227 551 306 588 rias
327 554 570 599 aspernetur
591 554 715 599 atque
736 550 881 597 oderit,
904 554 950 587 ut
970 550 1132 588 bonitas
1158 551 1372 598 malitiam,
1394 556 1493 588 tem-

226 614 413 664 perantia
440 614 669 660 libidinem,
691 614 899 663 ignaviam
928 614 1154 657 fortitudo;
1186 615 1326 664 itaque
1353 615 1491 652 videas

226 679 346 716 rebus
368 678 686 725 iniustisjustos
711 678 890 715 maxime
916 678 1066 722 dolere,
1089 678 1324 716 imbellibus
1350 680 1490 725 fortes,

226 743 444 791 flagitiosis
479 743 695 780 modestos.
766 743 874 790 Ergo
909 742 984 780 hoe
1019 742 1230 792 proprium
1265 748 1327 780 est
1365 743 1491 780 animi

226 807 328 844 bene
358 807 586 853 constituti,
618 811 659 844 et
688 806 833 844 laetari
864 807 980 845 bonis
1010 807 1131 845 rebus
1163 812 1203 844 et
1233 807 1370 844 dolere
1404 820 1494 844 eon-

225 871 375 909 trariis.
468 870 530 909 48.
567 872 698 916 Quam
737 871 787 908 ob
826 883 922 913 rem,
959 871 992 908 si
1033 867 1144 908 oadi‘t
1181 871 1222 908 in
1264 871 1492 920 sapientem

226 935 353 973 animi
389 935 516 978 dolor,
549 935 619 984 qui
654 936 839 984 profeeto
876 935 998 982 eadit,
1032 935 1113 973 nisi
1147 947 1196 972 ex
1231 935 1317 973 eius
1357 935 1493 972 animo

226 1000 498 1049 exstirpatam
526 999 828 1037 humanitatem
856 999 1116 1045 arbitramur,
1140 1012 1244 1049 quae
1270 1012 1393 1037 eausa
1419 1003 1492 1043 est,

226 1076 297 1101 eur
331 1064 556 1101 amicitiam
591 1063 784 1101 funditus
822 1063 1016 1101 tollamus
1056 1076 1076 1100 e
1113 1063 1209 1107 vita,
1246 1076 1295 1100 ne
1334 1063 1494 1112 aliquas

228 1134 393 1178 propter
423 1141 511 1165 eam
543 1128 817 1177 suscipiamus
847 1127 1093 1165 molestias?
1158 1127 1267 1172 Quid
1299 1127 1408 1164 enim
1439 1127 1495 1164 in-

227 1197 355 1230 terest
382 1196 494 1229 motu
522 1192 649 1230 animi
678 1192 840 1230 sublato
867 1204 949 1229 non
976 1192 1066 1229 dieo
1092 1191 1201 1229 inter
1228 1192 1425 1241 pecudem
1454 1196 1494 1229 et

228 1257 447 1299 hominem,
477 1257 548 1294 sed
578 1256 687 1293 inter
717 1256 925 1293 hominem
956 1260 996 1293 et
1026 1260 1218 1293 truncum
1249 1260 1319 1293 aut
1350 1268 1493 1293 saxum

228 1326 298 1360 aut
325 1322 491 1371 quidvis
519 1321 680 1369 generis
708 1321 892 1359 eiusdem
907 1323 927 1358 ἱ)
984 1322 1130 1370 Neque
1158 1321 1267 1358 enim
1299 1325 1394 1358 sunt
1424 1320 1494 1358 isti

228 1386 436 1431 audiendi,
467 1386 537 1435 qui
569 1386 765 1423 virtutem
797 1385 941 1423 duram
975 1389 1015 1422 et
1047 1385 1164 1434 quasi
1196 1386 1372 1422 ferream
1406 1397 1494 1422 esse

229 1451 434 1500 quandam
476 1450 641 1489 volunt:
691 1462 794 1498 quae
834 1449 1000 1499 quidem
1039 1454 1101 1487 est
1139 1462 1228 1486 (rum
1270 1449 1413 1486 multis
1452 1449 1494 1486 in

230 1515 361 1558 rebus,
387 1518 475 1551 tum
502 1515 545 1551 in
572 1514 757 1551 amicitia
786 1518 928 1551 tenera
957 1518 1079 1563 atque
1110 1513 1354 1561 tractabilis,
1379 1517 1426 1550 ut
1455 1517 1496 1550 et

231 1579 346 1617 bonis
377 1579 497 1616 amici
530 1579 647 1627 quasi
681 1578 940 1616 diffundatur
969 1582 1010 1615 et
1042 1578 1310 1615 incommodis
1341 1581 1496 1615 (ontra-

231 1644 363 1681 hatur.
422 1644 552 1688 Quam
577 1643 627 1679 ol)
652 1655 735 1679 rem
761 1654 887 1691 angor
909 1642 999 1687 iste,
1022 1642 1092 1691 qni
1118 1655 1191 1692 pro
1218 1642 1348 1679 amieo
1375 1653 1495 1690 saepe

230 1708 454 1757 capiendus
483 1711 557 1751 est,
580 1720 660 1744 non
688 1711 849 1744 tantum
875 1706 996 1744 valet.
1018 1710 1063 1743 ut
1090 1706 1210 1744 tollat
1240 1719 1260 1743 e
1286 1706 1373 1744 vita
1401 1706 1497 1743 aini-

230 1772 382 1819 vitiain,
414 1785 494 1809 non
530 1771 622 1821 plus
657 1784 780 1820 quam
816 1775 861 1808 ut
896 1771 1083 1815 virtutes,
1115 1771 1212 1820 qnia
1245 1783 1326 1807 non
1360 1770 1496 1808 nullas

230 1850 348 1873 ouras
378 1840 419 1873 et
449 1835 660 1873 molestias
690 1836 881 1876 afferunt,
910 1835 1188 1884 repudientur.

288 1901 399 1937 XIV.
440 1901 542 1938 Cum
582 1904 719 1937 autem
759 1899 976 1936 contrahat
1014 1899 1252 1941 amieitiam,
1290 1902 1334 1935 nt
1374 1911 1499 1948 supra

232 1965 332 2004 dixi.
363 1964 397 2002 si
428 1976 509 2013 qua
539 1964 787 2011 significatio
818 1963 985 2001 virtutis
1016 1963 1186 2007 elus-eat,
1219 1963 1270 2000 ad
1301 1975 1424 2012 quam
1455 1975 1497 2000 se

233 2029 380 2065 similis
408 2029 569 2065 animus
599 2028 779 2077 applicet
809 2032 849 2065 et
879 2028 1090 2075 adiungat,
1116 2028 1157 2064 id
1189 2040 1280 2064 eum
1311 2027 1497 2075 contigit,

233 2106 345 2130 amor
366 2092 574 2130 emin-intur
599 2104 762 2129 necesse
790 2096 862 2129 est.
948 2091 1011 2130 49.
1044 2092 1151 2136 Quid
1182 2091 1289 2128 enim
1321 2096 1405 2128 tam
1436 2091 1499 2129 ab-

234 2157 399 2194 surdum
447 2169 570 2205 <piam
615 2156 810 2194 delectari
854 2156 998 2193 inultis
1042 2156 1237 2193 inanimis
1282 2155 1413 2197 rebus,
1453 2159 1499 2192 ut

235 2221 397 2262 honore,
435 2224 481 2258 ut
521 2220 662 2267 gloria,
701 2225 747 2257 ut
786 2220 984 2260 aedificio,
1025 2224 1070 2257 ut
1109 2219 1264 2258 vestitu
1302 2219 1498 2268 cultuque

234 2285 426 2335 eorporis.
449 2284 656 2322 animante
686 2284 839 2322 virtute
870 2284 1068 2334 praedito,
1095 2297 1141 2322 eo
1171 2284 1241 2334 qui
1268 2284 1333 2321 vel
1364 2296 1498 2322 amare
