1747 2620
276 880 312 908 10

277 1203 311 1231 15

271 2168 310 2197 30

690 181 876 211 LAELIUS
904 181 963 209 DE
992 181 1193 210 AMICITIA

343 297 450 341 sunt,
476 293 526 331 ab
556 292 615 331 eis
645 304 790 330 censeo
819 291 984 342 petatis,
1014 292 1083 341 qui
1114 291 1195 330 ista
1224 292 1492 342 profitentur,
1532 304 1606 341 ego

343 370 414 395 vos
452 356 609 394 hortari
647 359 810 394 tantum
849 369 1028 406 possum,
1069 360 1115 394 ut
1152 355 1377 394 amicitiam
1416 357 1606 394 omnibus

342 422 462 459 rebus
487 421 679 459 humanis
706 420 989 470 anteponatis3
1022 420 1127 458 nihil
1156 425 1218 459 est
1245 420 1354 458 enim
1382 424 1465 458 tam
1493 425 1607 458 natu-

341 498 410 523 rac
444 489 599 535 aptum,
629 489 712 523 tam
749 484 997 523 conveniens
1031 485 1083 522 ad
1117 497 1180 523 res
1213 484 1276 522 vel
1311 485 1510 523 secundas
1543 486 1604 522 vel

341 550 547 588 adversas.
634 548 694 587 18.
728 549 807 587 Sed
833 549 910 586 1100
936 549 1115 599 primum
1143 549 1287 597 sentio,
1311 549 1391 587 nisi
1419 549 1460 586 in
1488 549 1606 587 bonis

342 613 567 655 amicitiam
593 625 681 651 esse
707 626 788 651 non
812 625 954 663 posse,
987 625 1119 662 neque
1144 613 1188 651 id
1212 613 1264 651 ad
1287 613 1429 650 vivum
1457 626 1604 660 reseco,

340 682 387 716 ut
414 678 490 726 illi,
511 677 580 728 qui
609 677 709 715 haec
737 677 932 716 subtilius
960 677 1180 725 disserunt,
1202 677 1379 715 fortasse
1402 690 1508 725 vere,
1535 678 1606 715 sed

341 742 394 780 ad
420 754 677 780 communem
704 742 929 780 utilitatem
956 754 1124 791 parum,
1154 745 1308 791 negant
1334 741 1443 779 enim
1470 754 1606 791 quem-

342 820 466 856 quam
486 819 574 845 esse
596 807 731 844 virum
751 806 902 844 bonum
923 806 1003 844 nisi
1025 806 1265 856 sapientem.
1323 805 1386 844 Sit
1406 806 1466 843 ita
1485 818 1604 853 sane3

342 872 413 909 sed
440 883 530 909 eam
556 870 804 921 sapientiam
832 870 1171 920 interpretantur,
1194 882 1316 920 quam
1344 870 1477 908 adhuc
1506 883 1607 907 mor-

342 936 439 973 talis
460 948 579 973 nemo
600 939 664 973 est
687 938 942 983 consecutus,
963 947 1037 972 nos
1065 938 1201 972 autem
1230 946 1287 982 ea,
1309 946 1413 984 quae
1441 938 1537 974 sunt
1563 934 1605 971 in

341 1013 419 1038 usu
435 1000 602 1050 vitaque
619 999 838 1047 communi,
855 1011 937 1036 non
953 1011 1011 1047 ea,
1026 1011 1132 1048 quae
1147 998 1360 1046 finguntur
1376 1002 1448 1036 aut
1467 1001 1608 1048 optan-

341 1069 420 1112 tur,
448 1068 633 1114 spectare
660 1064 867 1102 debemus.
926 1063 1167 1113 Numquam
1197 1074 1271 1111 ego
1300 1062 1432 1100 dican]
1464 1062 1506 1100 C.
1537 1062 1608 1100 Fa-

342 1129 527 1177 bricium,
554 1129 623 1166 M’.
647 1128 829 1175 Curium,
851 1127 913 1165 Ti.
936 1127 1251 1175 Coruncanium,
1273 1139 1374 1177 quos
1399 1126 1606 1176 sapientes

341 1194 473 1231 nostri
500 1193 674 1231 maiores
702 1192 952 1239 iudicabant,
979 1192 1031 1230 ad
1059 1191 1233 1230 istorum
1262 1203 1446 1229 normam
1476 1190 1606 1228 fuisse

342 1258 560 1307 sapientes.
630 1258 765 1302 Quare
797 1256 874 1295 sibi
907 1256 1087 1294 habeant
1121 1255 1349 1306 sapientiae
1383 1267 1531 1293 nomen
1566 1259 1607 1292 et

341 1322 593 1360 invidiosum
620 1326 661 1359 et
687 1321 927 1368 obscurum,
959 1320 1197 1368 concedant,
1222 1324 1268 1358 ut
1292 1319 1371 1357 viri
1399 1319 1495 1357 boni
1523 1320 1606 1356 fue-

341 1387 435 1424 rint.
494 1387 559 1424 Ne
580 1386 622 1424 id
643 1386 809 1436 quidem
830 1385 998 1433 facient,
1020 1384 1231 1433 negabunt
1254 1384 1297 1422 id
1321 1384 1401 1422 nisi
1427 1383 1606 1433 sapienti

340 1464 460 1501 posse
487 1450 664 1488 concedi.
753 1449 814 1489 19.
846 1450 1030 1498 Agamus
1062 1449 1188 1499 igitur
1216 1448 1372 1499 pingui,
1401 1452 1447 1485 ut
1476 1448 1605 1493 aiunt,

341 1516 541 1553 Minerva.
600 1515 679 1560 Qui
702 1515 760 1552 ita
781 1526 823 1553 se
844 1518 1003 1562 gerunt,
1025 1514 1085 1551 ita
1104 1513 1263 1560 vivunt,
1285 1517 1331 1550 ut
1355 1524 1492 1550 eorum
1520 1524 1607 1562 pro-

340 1580 459 1618 betur
488 1579 592 1617 fides
624 1579 854 1628 integritas,
882 1578 1070 1628 aequitas
1099 1577 1340 1625 liberalitas,
1371 1589 1445 1614 nec
1478 1577 1533 1614 sit
1564 1577 1606 1613 in

340 1645 399 1682 eis
426 1644 513 1682 ulla
539 1643 758 1694 cupiditas,
780 1642 921 1691 libido,
944 1642 1127 1689 audacia,
1152 1641 1316 1691 sintque
1344 1653 1493 1689 magna
1519 1653 1606 1678 con-

341 1709 507 1756 stantia,
528 1712 575 1746 ut
601 1708 637 1745 ei
665 1708 847 1754 fuerunt,
869 1706 990 1744 modo
1017 1718 1118 1756 quos
1145 1705 1368 1753 nominavi,
1393 1705 1467 1742 hos
1494 1705 1605 1741 viros

339 1773 478 1821 bonos,
499 1777 546 1810 ut
572 1771 705 1810 habiti
733 1775 841 1819 sunt,
866 1771 924 1809 sic
951 1770 1077 1808 etiam
1105 1769 1374 1819 appellandos
1401 1773 1604 1818 putemus,

340 1838 437 1887 quia
466 1840 702 1887 sequantur,
733 1839 934 1885 quantum
966 1834 1153 1872 homines
1187 1837 1371 1884 possunt,
1404 1837 1605 1879 naturam,

339 1901 539 1952 optimam
572 1900 675 1939 bene
709 1899 879 1937 vivendi
913 1898 1068 1936 ducem.
1139 1897 1204 1935 Sic
1240 1898 1349 1935 enim
1384 1896 1486 1934 mihi
1521 1909 1607 1946 per-

340 1965 496 2015 spicere
518 1965 670 2012 videor,
693 1963 752 2001 ita
772 1968 890 2001 natos
914 1975 1001 2001 esse
1026 1975 1112 2010 nos,
1134 1966 1180 2000 ut
1204 1962 1312 2000 inter
1333 1973 1472 1999 omnes
1498 1965 1607 1999 esset

340 2030 514 2068 societas
547 2028 762 2079 quaedam,
793 2027 923 2065 maior
952 2031 1102 2074 autem,
1133 2030 1179 2064 ut
1212 2026 1386 2076 quisque
1420 2025 1606 2075 proxime

340 2094 560 2132 accederet.
619 2093 769 2142 Itaque
790 2092 900 2129 cives
925 2091 1105 2141 potiores
1131 2103 1253 2140 quam
1279 2089 1496 2140 peregrini,
1520 2102 1606 2138 pro-

341 2159 484 2209 pinqui
512 2170 636 2208 quam
666 2157 814 2205 alieni3
849 2168 941 2194 cum
970 2156 1034 2193 bis
1065 2155 1174 2192 enim
1205 2154 1429 2192 amicitiam
1459 2158 1607 2191 natura

340 2223 431 2273 ipsa
451 2222 636 2272 peperit,
669 2221 741 2259 sed
762 2233 809 2258 ea
828 2233 909 2258 nou
931 2220 1032 2258 satis
1057 2220 1181 2257 habet
1206 2218 1425 2256 firmitatis.
1484 2218 1607 2255 Nam-

339 2298 419 2338 que
445 2285 522 2325 hoc
548 2288 733 2336 praestat
759 2284 943 2323 amicitia
967 2282 1283 2334 propinquitati,
1309 2281 1419 2332 quod
1445 2293 1495 2319 ex
1520 2292 1606 2331 pro-
