1747 2620
644 175 871 205 CHAPTERS
900 175 1054 204 V11.—1x.

184 288 300 326 cuius
327 300 418 326 cum
447 287 628 325 moribus
656 291 697 324 et
724 291 871 324 natura
895 299 1179 335 congruamus,
1202 288 1311 337 quod
1338 288 1378 325 in
1404 301 1450 325 eo

184 352 302 401 quasi
332 351 471 389 lumen
501 351 669 401 aliquod
699 351 918 401 probitatis
948 356 989 389 et
1020 351 1186 390 virtutis
1218 352 1449 402 perspicere

184 416 409 454 videamur.
507 415 569 454 28.
610 415 729 452 Nihil
771 420 833 453 est
874 416 983 453 enim
1023 416 1177 454 virtute
1218 417 1448 463 amabilius,

184 480 302 527 nihil,
323 480 433 530 quod
460 480 591 528 magis
618 479 775 518 alliciat
801 480 852 517 ad
881 480 1148 528 diligendum,
1174 481 1327 530 quippe
1358 494 1450 519 cuni

185 548 350 594 propter
371 544 567 582 virtutem
599 548 639 582 et
668 544 915 594 probitatem
945 545 1069 582 etiam
1101 557 1180 590 eos,
1206 558 1308 594 quos
1338 558 1451 583 num-

184 621 306 658 quam
342 608 534 657 vidimus,
567 609 743 658 quodam
779 609 899 646 modo
933 608 1166 658 diligamus.
1239 609 1340 654 Quis
1375 614 1449 655 est,

184 673 255 722 qui
285 674 326 711 C.
356 673 530 719 Fabrici,
562 673 630 710 Μ’.
660 673 757 711 Curi
787 686 869 710 11011
899 685 990 710 cum
1020 673 1190 711 caritate
1221 673 1358 723 aliqua
1389 674 1450 711 be-

186 737 332 775 nevola
368 738 607 775 memoriam
646 742 829 787 usurpet,
862 750 963 786 quos
1004 750 1228 787 numquam
1264 738 1415 775 viderit
1431 742 1450 775 ἱ)

184 801 276 850 quis
311 805 448 839 autem
483 805 557 845 est,
588 801 658 850 qui
691 801 961 850 Tarquinium
998 801 1241 851 Superbum,
1274 802 1345 851 qui
1381 802 1447 851 Sp.

185 865 386 912 Cassium,
431 865 496 915 Sp.
537 865 736 903 Maelium
780 878 861 903 non
904 866 1036 903 oderit
1052 869 1071 903 ‘.’
1147 867 1247 904 Cum
1292 867 1450 904 duobus

184 929 357 967 ducibus
384 929 434 967 de
464 929 639 979 imperio
669 930 711 966 in
741 929 868 967 Italia
897 934 959 967 est
989 930 1256 977 decertatum,
1288 931 1451 980 Pyrrho

184 998 225 1031 et
252 993 511 1038 Hannibale;
545 994 596 1032 ab
623 994 753 1032 altero
780 998 948 1044 propter
972 994 1220 1044 probitatem
1251 995 1338 1033 eius
1368 1008 1451 1032 11011

184 1058 307 1096 nimis
338 1058 494 1096 alienos
525 1058 682 1096 animos
717 1058 927 1103 habemus,
959 1059 1133 1096 alterum
1169 1063 1338 1108 propter
1367 1072 1452 1097 cru-

184 1122 398 1160 delitatem
420 1135 581 1172 semper
601 1123 701 1161 haec
723 1123 869 1161 civitas
891 1123 1033 1161 oderit.

237 1187 312 1223 IX.
361 1186 423 1225 29.
465 1187 581 1232 Quod
603 1187 638 1225 si
660 1191 775 1224 tanta
791 1187 854 1225 vis
878 1187 1097 1237 probitatis
1119 1192 1193 1234 est,
1212 1192 1256 1225 ut
1277 1200 1366 1225 eam
1387 1188 1450 1225 vel

184 1251 227 1288 in
256 1251 327 1297 eis,
356 1263 457 1300 quos
487 1263 710 1300 numquam
744 1251 935 1294 vidimus,
966 1251 1042 1290 vel.
1074 1252 1184 1301 quod
1213 1252 1345 1290 maius
1376 1257 1450 1299 est,

182 1314 226 1352 in
255 1314 373 1354 hoste
404 1316 530 1353 etiam
565 1315 799 1364 diligamus,
831 1316 931 1365 quid
966 1316 1115 1353 mirum
1148 1320 1221 1361 631,
1254 1317 1288 1354 31
1323 1317 1451 1354 animi

182 1380 396 1419 hominum
421 1384 675 1428 moveantur,
698 1393 789 1418 cum
815 1392 966 1423 eorum,
989 1380 1232 1430 quibuscum
1258 1394 1335 1419 usu
1361 1394 1452 1419 con-

182 1444 311 1483 iuncti
340 1458 428 1483 esse
455 1450 640 1495 possunt,
663 1445 860 1483 virtutem
891 1450 931 1482 et
961 1445 1188 1482 bonitatem
1219 1446 1450 1495 perspicere

182 1509 435 1547 videantur?
491 1510 748 1560 Quamquam
771 1509 1037 1547 confirmatur
1058 1522 1171 1547 amor
1191 1514 1231 1547 et
1252 1510 1451 1548 beneficio

183 1578 349 1623 accepto
375 1578 415 1611 et
441 1574 578 1612 studio
604 1578 820 1624 perspecto
848 1578 889 1611 et
916 1574 1214 1612 consuetudine
1242 1575 1449 1621 adiuncta,

182 1638 332 1687 quibus
354 1638 474 1676 rebus
496 1639 548 1676 ad
569 1639 686 1676 11111111
709 1638 886 1688 primum
911 1642 1068 1676 motum
1089 1639 1217 1676 animi
1239 1644 1279 1676 et
1300 1640 1450 1677 amoris

182 1702 381 1741 adhibitis
399 1703 656 1741 admirabilis
673 1703 874 1753 quaedam
893 1703 1124 1741 exardescit
1140 1703 1450 1742 benevolentiae

182 1767 433 1815 magnitudo.
484 1768 615 1812 Quam
637 1767 670 1806 si
692 1768 763 1817 qui
784 1771 934 1817 putant
954 1767 1004 1805 ab
1026 1767 1312 1806 imbecillitate
1334 1769 1452 1818 profi-

181 1831 292 1874 cisci,
311 1835 355 1869 ut
377 1832 442 1878 sit,
461 1844 533 1882 per
553 1845 673 1882 quem
696 1836 951 1881 assequatur,
970 1832 1077 1881 quod
1101 1832 1275 1881 quisque
1297 1833 1453 1872 deside·
1504 1845 1517 1851 “

182 1900 255 1942 ret,
277 1896 475 1933 humilem
498 1909 594 1935 sane
616 1896 858 1946 relinquunt
879 1902 919 1934 et
940 1896 1109 1934 minime
1132 1909 1386 1946 generosum,
1407 1902 1452 1936 ut

183 1961 241 1999 ita.
269 1961 414 2004 dicam,
438 1966 572 1999 ortum
600 1961 818 2005 amicitiae,
845 1973 968 2010 quam
996 1974 1046 1998 ex
1074 1961 1216 2011 inopia
1241 1967 1365 2011 atque
1395 1962 1453 2000 in-

182 2025 369 2074 digentia
392 2029 529 2064 natam
553 2025 709 2063 volunt.
769 2026 887 2070 Quod
915 2026 949 2063 si
977 2026 1036 2063 ita
1062 2030 1183 2074 esset⁷
1204 2030 1252 2064 ut
1277 2027 1451 2077 quisque

181 2090 397 2127 minimum
439 2102 526 2128 esse
562 2090 602 2127 in
638 2102 679 2127 se
719 2090 1002 2138 arbitraretur,
1038 2090 1098 2128 ita
1135 2090 1186 2128 ad
1225 2092 1452 2130 amicitiam

181 2159 290 2192 esset
329 2155 592 2204 aptissimus;
642 2155 752 2204 quod
792 2155 911 2203 longe
952 2167 1067 2193 secus
1108 2159 1180 2194 est.
1286 2155 1348 2194 30.
1392 2158 1453 2195 Ut

182 2219 291 2256 enim
326 2220 500 2269 quisque
536 2219 615 2257 sibi
650 2219 873 2269 plurimum
909 2219 1090 2266 confidit,
1123 2223 1163 2259 et
1196 2224 1242 2258 ut
1277 2221 1452 2270 quisque

182 2283 358 2321 maxime
384 2284 538 2321 virtute
567 2288 608 2321 et
636 2284 843 2334 sapientia
870 2284 927 2322 sic
955 2284 1140 2322 munitus
1167 2288 1242 2330 est,
1265 2289 1310 2323 ut
1337 2285 1453 2324 nullo

1464 165 1517 206 13

1482 875 1518 904 10

1481 1521 1519 1549 20

1483 2167 1520 2195 30
