1747 2620
648 141 876 170 CHAPTERS
905 141 1174 171 XXIV.-XXVI.

245 253 310 293 95.
357 252 525 291 Secerni
557 255 693 289 autem
724 251 903 289 blandus
937 251 1093 289 amicus
1129 265 1152 290 a
1181 264 1278 289 vero
1310 256 1351 290 et
1384 252 1509 290 inter-

247 318 360 356 nosci
389 321 472 355 tani
504 319 643 366 potest
673 315 865 353 adhibita
888 315 1113 365 diligentia
1137 329 1259 366 quani
1284 316 1425 354 omnia
1447 317 1509 353 fu-

245 386 337 420 cata
357 385 398 419 et
422 381 621 419 simulata
641 393 664 418 a
685 380 859 418 sinceris
882 384 1006 430 atque
1028 380 1151 417 veris.
1215 380 1377 427 ContiO,
1405 393 1509 430 quae

246 459 296 484 ex
325 445 658 496 imperitissimis
684 448 857 493 constat,
884 448 1022 482 tamen
1053 445 1236 482 iudicare
1263 445 1381 492 solet,
1408 445 1511 494 quid

247 511 416 548 intersit
450 510 558 548 inter
590 509 844 560 popularem,
881 509 924 546 id
958 513 1022 547 est
1053 512 1351 547 assentatorem
1381 513 1422 547 et
1454 509 1510 547 le-

246 588 338 613 vem
356 575 500 623 civem,
520 579 562 612 et
584 574 693 612 inter
709 577 968 612 constantem
990 577 1031 611 et
1052 585 1241 611 severum
1263 577 1305 611 et
1325 586 1505 622 gravem.

246 639 310 678 96.
346 639 503 684 Quibus
531 638 752 677 blanditiis
780 638 823 676 C.
851 637 1046 687 Papirius
1074 650 1206 687 nuper
1238 637 1438 675 influebat
1468 637 1510 675 in

247 704 359 741 auris
390 703 609 750 contionis,
637 715 729 740 cum
760 702 889 739 ferret
919 702 1053 750 legem
1084 702 1132 739 de
1163 702 1345 739 tribunis
1376 702 1510 751 plebis

247 767 502 806 reficiendis!
562 766 850 804 Dissuasimus
883 778 976 812 nos3
1018 766 1089 803 sed
1120 766 1230 802 nihil
1266 766 1315 803 de
1350 779 1426 813 nie,
1462 767 1510 804 de

248 832 442 882 Scipione
477 831 613 869 dicam
652 830 868 869 libentius.
944 830 1107 875 Quanta
1146 830 1224 877 illi,
1263 830 1306 867 di
1346 831 1511 868 inimor-

245 897 363 944 tales,
395 896 479 934 fuit
509 895 707 945 gravitas,
734 899 890 945 quauta
921 894 963 931 in
994 894 1181 932 oratione
1212 895 1429 933 maiestas!
1466 899 1512 933 ut

247 961 372 999 facile
397 961 542 998 ducem
568 959 714 1010 populi
742 958 934 1007 Romani,
966 959 1065 1011 [non
1093 959 1306 1011 comitem]
1335 959 1507 997 diceres.

248 1026 329 1064 Sed
358 1024 571 1072 adfuistis,
598 1028 639 1062 et
668 1028 731 1062 est
762 1025 805 1061 in
835 1023 1027 1061 manibus
1058 1024 1203 1061 oratio.
1267 1024 1415 1073 Itaque
1446 1024 1512 1062 lex

248 1090 464 1141 popularis
493 1089 706 1138 suffragiis
737 1088 883 1138 populi
911 1088 1131 1138 repudiata
1151 1091 1226 1126 est.
1289 1089 1440 1138 Atque,
1467 1092 1513 1126 ut

247 1155 299 1192 ad
329 1167 392 1192 me
423 1154 599 1200 redeam,
627 1153 894 1200 meministis,
921 1153 967 1197 Q.
994 1153 1193 1199 Maximo,
1221 1153 1350 1190 fratre
1380 1153 1512 1203 Scipi-

247 1219 352 1267 onis,
379 1222 420 1256 et
448 1219 492 1256 L.
511 1218 706 1255 Mancino
727 1217 969 1255 consulibus
992 1230 1115 1267 quam
1138 1216 1353 1267 popularis
1375 1217 1442 1255 lex
1464 1218 1512 1255 de

248 1282 493 1322 sacerdotiis
515 1283 558 1321 C.
576 1282 715 1320 Licini
737 1281 879 1320 Crassi
899 1281 1137 1319 videbatur!
1170 1282 1380 1331 cooptatio
1402 1282 1513 1320 enim

248 1348 519 1397 collegiorum
545 1347 597 1385 ad
624 1346 771 1397 populi
798 1345 1045 1384 beneficium
1069 1346 1421 1394 transferebatur3
1454 1351 1513 1384 at-

249 1425 327 1463 que
364 1413 398 1450 is
434 1412 593 1462 primus
625 1411 815 1449 instituit
851 1410 893 1447 in
925 1410 1062 1448 forum
1093 1423 1238 1448 versus
1269 1423 1389 1460 agere
1420 1424 1512 1449 cum

248 1477 415 1528 populo.
481 1477 636 1514 Tamen
668 1475 786 1513 illius
815 1475 1072 1513 vendibilem
1103 1475 1333 1513 orationem
1364 1475 1514 1524 religio

249 1542 418 1579 deorum
450 1540 737 1578 inmortalium
767 1540 887 1577 nobis
917 1539 1240 1577 defendentibus
1271 1540 1396 1578 facile
1424 1540 1514 1577 vin-

249 1606 379 1644 cebat.
443 1606 582 1655 Atque
605 1605 647 1642 id
671 1608 809 1642 actum
834 1608 898 1642 est
922 1608 1112 1655 praetore
1138 1617 1202 1641 me
1227 1604 1515 1654 quinquennio

249 1675 358 1718 ante,
394 1682 517 1720 quam
552 1669 697 1707 consul
732 1682 823 1707 sum
859 1669 1015 1715 factus3
1063 1668 1123 1706 ita
1154 1681 1196 1706 re
1228 1669 1360 1718 magis
1391 1682 1515 1719 quam

250 1748 411 1773 summa
440 1734 688 1772 auctoritate
719 1746 843 1771 causa
872 1733 949 1771 illa
977 1733 1153 1771 defensa
1182 1737 1257 1772 est.

303 1800 460 1838 XXVI.
504 1798 568 1837 97.
606 1798 763 1843 Quodsi
794 1798 837 1835 in
867 1810 1027 1843 scaena,
1065 1798 1106 1835 id
1137 1801 1201 1836 est
1231 1798 1275 1835 in
1304 1798 1510 1846 contione,
1546 1811 1551 1821 ·

251 1864 294 1901 in
316 1876 398 1914 qua
425 1863 547 1901 rebus
577 1863 686 1901 fictis
717 1866 759 1900 et
788 1862 1047 1900 adumbratis
1076 1862 1156 1900 loci
1182 1862 1410 1912 plurimum
1434 1866 1510 1911 est,

250 1932 389 1966 tamen
410 1940 554 1966 verum
574 1927 700 1974 valet,
727 1927 764 1965 si
785 1927 905 1964 inodo
929 1927 971 1964 id
992 1927 1248 1977 patefactum
1269 1933 1310 1964 et
1332 1926 1517 1965 illustra-

250 1996 340 2030 tum
361 1996 437 2040 est,
464 1991 566 2042 quid
591 1992 634 2029 in
655 1991 843 2030 amicitia
862 1991 953 2028 fieri
973 1994 1149 2041 oportet,
1176 2004 1280 2041 quae
1301 1994 1391 2029 tota
1410 1991 1518 2029 veri-

251 2061 338 2095 tate
373 2057 673 2108 perpenditur?
718 2056 760 2094 in
796 2069 877 2106 qua
908 2056 1004 2103 nisi,
1042 2059 1089 2093 ut
1121 2055 1288 2103 dicitur,
1325 2059 1517 2107 apertum

252 2126 397 2172 pectus
434 2122 576 2159 videas
612 2126 813 2170 tuumque
845 2121 1052 2168 ostendas,
1087 2120 1196 2157 nihil
1232 2120 1372 2169 fidum,
1407 2120 1518 2158 nihil

252 2186 515 2236 exploratum
536 2186 700 2234 habeas,
727 2198 778 2223 ne
799 2197 936 2223 amare
958 2185 1126 2235 quidem
1147 2188 1220 2223 aut
1239 2185 1381 2232 amari,
1409 2197 1513 2233 cum,

255 2251 297 2288 id
328 2263 452 2300 quam
482 2263 577 2288 vere
607 2250 692 2298 fiat,
727 2249 905 2299 ignores.
979 2250 1238 2299 Quamquam
1268 2249 1352 2288 ista
1380 2261 1519 2288 assen-

1524 130 1577 171 37

1543 840 1579 868 10

1544 1163 1580 1190 15

1549 2130 1586 2159 30
