1747 2620
638 174 866 203 CHAPTERS
896 174 998 209 XIX.‚
1027 175 1101 204 XX.

204 298 228 323 a
247 284 336 323 suis
357 289 429 323 aut
457 284 626 334 ingenio
652 288 724 323 aut
752 284 923 323 fortuna
943 289 1015 323 aut
1035 285 1241 335 dignitate
1263 287 1465 336 superari.

203 350 385 395 Quorum
420 349 610 400 plerique
640 352 711 387 aut
743 352 975 399 queruntur
1007 362 1170 400 semper
1201 351 1366 402 aliquid
1398 354 1470 389 aut

204 414 331 452 etiam
361 414 626 464 exprobrant,
654 426 783 463 eoque
816 414 960 463 magis,
989 414 1024 451 si
1054 414 1205 452 habere
1232 428 1274 452 se
1302 419 1464 465 putant,

204 478 314 528 quod
341 478 521 516 officiose
552 483 593 515 et
623 478 753 516 amice
782 481 823 515 et
850 491 943 515 cum
965 478 1104 516 labore
1127 479 1270 529 aliquo
1291 492 1365 517 suo
1385 480 1470 518 fac-

203 546 292 580 tum
322 546 478 593 queant
507 542 658 580 dicere.
721 542 922 581 Odiosum
957 555 1056 580 sane
1092 556 1220 592 genus
1256 544 1471 582 hominum

203 607 338 645 officia
375 606 736 657 exprobrantium,
779 620 883 657 quae
914 607 1155 645 meminisse
1187 608 1308 646 debet
1340 608 1386 652 is,
1427 609 1470 646 in

204 684 326 722 quem
356 671 510 709 collata
538 675 648 719 sunt,
683 684 766 709 11011
796 684 1127 717 commemorare,
1164 672 1237 722 qui
1273 673 1465 711 contulit.

205 735 269 774 72.
314 736 446 781 Quam
476 736 528 773 ob
558 748 655 784 rem,
690 739 737 773 ut
766 736 817 784 ei,
848 736 920 785 qui
951 736 1186 785 superiores
1217 740 1326 785 sunt,
1363 751 1470 775 sum-

204 800 373 838 mittere
400 812 443 837 se
471 800 622 838 debent
646 800 687 837 in
713 799 912 847 amicitia,
941 800 1000 838 sic
1023 801 1201 850 quodam
1223 802 1343 839 modo
1366 802 1470 839 infe-

205 864 334 902 riores
373 863 588 902 extollere.
652 864 759 902 Sunt
794 864 906 902 enim
942 864 1123 914 quidam,
1165 865 1237 915 qui
1273 866 1470 904 molestas

204 929 413 967 amicitias
442 929 617 975 faciunt,
644 941 736 966 cum
759 928 841 979 ipsi
863 942 905 967 se
928 930 1138 967 contemni
1160 934 1329 979 putant3
1363 932 1472 980 quod

204 1006 287 1031 non
317 994 404 1031 fere
434 993 644 1042 contingit
673 993 757 1031 nisi
788 993 860 1041 eis,
888 993 961 1043 (1111
991 994 1119 1032 etiam
1149 996 1471 1033 contemnendos

205 1070 247 1096 Se
279 1058 555 1105 arbitrantur3
601 1058 674 1107 qui
704 1057 780 1096 hac
811 1058 1009 1108 opinione
1045 1071 1127 1096 non
1163 1060 1284 1097 modo
1315 1060 1466 1106 verbis,

205 1123 277 1160 sed
305 1122 432 1160 etiam
462 1135 588 1172 opera
618 1122 787 1160 levandi
817 1126 927 1160 sunt.
1016 1122 1078 1161 73.
1123 1124 1303 1161 Tantum
1334 1128 1472 1162 autem

204 1187 353 1236 cuique
392 1186 674 1234 tribuendum,
720 1186 899 1236 primum
940 1191 1143 1237 quantum
1184 1188 1272 1237 ipse
1313 1189 1472 1227 efficere

205 1250 353 1301 possis,
383 1250 533 1288 deinde
563 1250 690 1288 etiam
721 1255 924 1301 quantum
957 1251 1042 1299 ille,
1076 1265 1198 1301 quem
1230 1253 1383 1302 diligas
1413 1257 1473 1291 at-

205 1328 283 1365 que
313 1315 499 1362 adiuves,
527 1315 747 1353 sustinere.
809 1316 906 1352 Non
937 1315 1048 1353 enim
1079 1329 1212 1366 neque
1242 1320 1288 1354 tu
1319 1318 1468 1367 possis,

205 1380 397 1430 quamvis
419 1379 614 1427 excellas,
636 1392 779 1418 omnes
801 1384 893 1418 tuos
915 1380 967 1418 ad
988 1380 1165 1418 honores
1188 1381 1473 1431 amplissimos

204 1445 441 1494 perducere,
481 1448 529 1481 ut
565 1444 706 1494 Scipio
742 1445 787 1481 P.
829 1444 1050 1494 Rupilium
1086 1445 1226 1495 potuit
1261 1447 1474 1484 consulem

206 1508 378 1556 efficere,
413 1509 588 1546 fratrem
619 1508 708 1546 eius
740 1509 784 1546 L.
820 1521 901 1547 non
933 1509 1083 1559 potuit.
1158 1510 1315 1555 Quodsi
1346 1504 1474 1549 etiam

205 1573 340 1624 possis
372 1573 540 1623 quidvis
573 1573 736 1611 deferre
766 1573 818 1611 ad
848 1573 1039 1622 alterum,
1067 1574 1295 1612 videndum
1323 1579 1386 1613 est
1414 1580 1474 1613 ta-

206 1650 312 1685 men,
339 1637 440 1688 quid
472 1637 545 1675 ille
576 1637 712 1688 possit
742 1637 963 1675 sustinere.

260 1701 323 1741 74.
361 1702 540 1741 Omnino
563 1702 776 1740 amicitiae
798 1702 1073 1741 corroboratis
1098 1703 1178 1741 iam
1201 1704 1475 1743 confirmatis·

206 1779 285 1817 que
315 1770 356 1804 et
387 1767 568 1816 ingeniis
598 1770 640 1805 et
667 1767 876 1805 aetatibus
910 1767 1157 1806 iudicandae
1186 1772 1295 1816 sunt,
1324 1782 1410 1817 nec,
1439 1770 1475 1807 si

207 1831 278 1882 qui
316 1831 486 1869 ineunte
522 1835 657 1869 aetate
689 1831 871 1869 venandi
906 1836 978 1869 aut
1017 1832 1128 1882 pilae
1167 1833 1347 1871 studiosi
1388 1834 1476 1872 fue-
1508 1847 1542 1859 ·-

207 1899 317 1943 runt,
343 1909 412 1933 005
442 1896 594 1934 habere
624 1896 894 1944 necessarios,
922 1909 1024 1946 quos
1055 1900 1145 1934 tum
1172 1898 1315 1935 eodem
1338 1899 1477 1936 studio

208 1961 419 2010 praeditos
456 1960 710 1998 dilexerunt.
784 1961 873 1999 Isto
908 1961 1019 1999 enim
1058 1962 1179 2000 modo
1213 1964 1399 2002 nutrices
1437 1968 1478 2002 et

208 2025 437 2075 paedagogi
456 2024 545 2063 iure
562 2025 788 2063 vetustatis
806 2025 1033 2075 plurimum
1050 2026 1369 2066 benevolentiae
1386 2041 1478 2079 pos-

209 2090 424 2137 tulabunt3
458 2089 531 2139 qui
560 2089 811 2139 neglegendi
841 2090 1010 2140 quidem
1041 2104 1122 2128 non
1154 2096 1264 2139 sunt,
1292 2093 1364 2131 sed
1395 2093 1479 2131 alio

209 2154 387 2204 quodam
418 2154 539 2192 modo
568 2154 832 2192 aestimandi.
895 2155 1034 2193 Aliter
1062 2156 1275 2194 amicitiae
1303 2158 1478 2196 stabiles

210 2231 450 2268 permanere
472 2231 552 2256 non
574 2223 762 2269 possunt.
824 2219 1025 2270 Dispares
1048 2221 1160 2258 enim
1184 2234 1318 2260 mores
1340 2222 1479 2273 dispa-

210 2283 273 2321 ria
302 2284 443 2321 studia
472 2288 715 2334 sequuntur,
743 2296 918 2333 quorum
947 2285 1254 2324 dissimilitudo
1279 2287 1479 2326 dissociat

1484 166 1538 206 29

1504 876 1541 904 10

1506 1200 1541 1227 15

1509 2169 1547 2197 30
