1747 2620
638 209 867 240 CHAPTERS
896 209 1017 239 111.—V.

162 322 225 362 15.
264 322 395 368 Quam
427 322 478 360 ob
511 334 596 360 rem
630 334 720 360 cum
756 321 829 360 illo
868 322 1126 371 quidem,ut
1165 332 1290 371 supra
1328 319 1444 378 dixi,¹

161 391 296 425 actum
327 387 482 436 optime
512 391 587 433 est,
613 398 772 424 mecum
803 378 1113 431 incommodius,
1140 397 1261 435 quem
1292 384 1430 422 fuerat

159 451 345 501 aequius,
372 455 419 489 ut
448 451 562 501 prius
594 450 845 498 introieram,
875 450 932 489 sic
963 450 1077 500 prius
1108 450 1219 487 exire
1250 449 1300 487 de
1329 449 1426 486 vita.

161 516 241 553 Sed
261 519 400 553 tamen
421 515 703 553 recordatione
728 519 892 553 nostrae
918 515 1125 553 amicitiae
1151 514 1208 552 sic
1234 514 1360 561 fruor,
1381 517 1429 551 ut

159 580 277 618 beate
302 580 459 618 vixisse
484 580 637 627 videar,
661 580 759 629 quia
785 592 877 617 cum
906 579 1098 629 Scipione
1125 578 1312 626 vixerim,
1334 590 1429 628 quo-

159 656 248 682 cum
275 644 378 681 mihi
403 644 623 682 coniuncta
646 656 743 682 cura
768 644 819 681 de
846 643 1012 694 publica
1040 656 1083 681 re
1113 648 1154 681 et
1184 643 1232 680 de
1263 642 1428 692 privata

158 708 254 757 fuit,
276 721 450 758 quocum
472 712 512 746 et
533 709 678 746 domus
704 708 787 746 fuit
811 712 852 746 et
875 708 1029 746 militia
1052 707 1280 745 communis
1308 710 1361 755 et,
1384 707 1426 744 id

158 772 201 810 in
222 786 342 844 quo
323 776 387 811 est
407 773 540 810 omnis
562 773 625 810 vis
647 772 867 819 amicitiae,
884 771 1160 818 xoluntatum,
1183 771 1425 817 studiorum,

158 833 457 875 sententiarum
483 849 643 875 summa
667 836 892 874 consensio.
952 836 1100 885 Itaque
1126 848 1208 873 non
1233 839 1317 873 tam
1345 835 1427 873 ista

157 913 221 938 me
257 901 499 951 sapientiae,
534 913 659 951 quam
697 901 818 939 modo
852 900 1038 938 Fannius
1077 900 1425 947 commemoravit,

156 965 271 1003 fama
297 965 488 1013 delectat,
511 965 620 1004 falsa
646 965 901 1015 praesertim,
928 977 1052 1015 quam
1079 964 1189 1014 quod
1219 964 1426 1002 amicitiae

157 1034 321 1068 nostrae
350 1029 590 1067 memoriam
620 1042 739 1080 spero
770 1029 1064 1079 sempiternam
1094 1030 1194 1077 fore,
1225 1029 1349 1078 idque
1380 1041 1426 1066 eo

157 1094 261 1131 mihi
291 1094 423 1142 magis
453 1098 517 1132 est
547 1094 672 1141 cordi,
704 1094 814 1144 quod
846 1106 896 1132 ex
928 1094 1117 1131 omnibus
1150 1093 1324 1131 saeculis
1354 1093 1426 1130 vix

156 1158 238 1196 tria
258 1162 330 1196 aut
354 1162 549 1208 quattuor
569 1159 836 1196 nominantur
856 1158 974 1208 paria
997 1158 1244 1205 amicorum3
1276 1170 1356 1207 quo
1382 1157 1425 1194 in

157 1234 304 1271 genere
339 1235 503 1272 sperare
538 1222 680 1260 videor
716 1222 922 1272 Scipionis
962 1226 1003 1260 et
1042 1222 1159 1260 Laeli
1198 1222 1425 1260 amicitiam

155 1290 296 1324 notam
327 1286 563 1336 posteritati
592 1287 691 1324 fore.

210 1350 271 1389 16.
311 1352 509 1389 Fannius.
551 1351 665 1389 Istuc
696 1351 875 1401 quidem,
905 1350 1035 1397 Laeli,
1064 1351 1123 1388 ita
1152 1362 1317 1389 necesse
1349 1355 1422 1389 est.

157 1415 237 1453 Sed
271 1415 467 1465 quoniam
500 1415 709 1453 amicitiae
742 1416 995 1453 mentionem
1033 1415 1173 1453 fecisti
1208 1420 1249 1453 et
1284 1428 1424 1453 sumus

156 1479 290 1527 otiosi,
318 1483 555 1530 pergratum
586 1479 691 1517 mihi
720 1480 882 1528 feceris,
912 1492 1031 1530 spero
1060 1480 1160 1517 item
1192 1479 1423 1527 Scaevolae,

156 1543 202 1591 si,
225 1555 347 1593 quem
375 1544 427 1581 ad
453 1544 619 1582 modum
647 1544 753 1582 soles
781 1544 830 1582 de
857 1545 1005 1582 ceteris
1033 1544 1165 1591 rebus,
1188 1557 1280 1581 cum
1308 1556 1357 1581 ex
1384 1548 1424 1582 te

155 1612 421 1657 quaeruntur,
455 1608 511 1646 sic
547 1608 597 1646 de
631 1609 817 1646 amicitia
850 1609 1077 1658 disputaris
1116 1608 1217 1658 quid
1256 1608 1423 1656 sentias,

154 1671 320 1722 qualem
349 1672 575 1719 existimes,
604 1685 708 1722 quae
739 1677 959 1723 praecepta
989 1673 1071 1726 des.

208 1736 410 1775 Scaevola.
452 1737 561 1774 Mihi
592 1749 687 1775 vero
718 1737 798 1775 erit
829 1742 1015 1786 gratum3
1055 1742 1180 1787 atque
1212 1737 1256 1775 id
1286 1737 1424 1787 ipsum

154 1812 247 1838 cum
270 1805 406 1839 tecum
431 1813 551 1850 agere
578 1814 759 1849 conarer,
785 1802 968 1839 Fannius
996 1802 1234 1840 antevortit.
1293 1802 1423 1847 Quam

154 1865 204 1903 ob
224 1877 311 1903 rem
331 1866 496 1915 utrique
517 1869 703 1904 nostrum
725 1870 887 1915 gratum
909 1867 1131 1904 admodum
1152 1866 1312 1905 feceris.
1378 1869 1380 1872 ⁴

207 1930 254 1968 V.
306 1929 368 1968 17.
410 1931 585 1968 Laelius.
627 1931 716 1979 Ego
751 1942 846 1968 vero
885 1943 967 1968 non
1006 1943 1210 1979 gravarer,
1247 1931 1282 1969 si
1320 1932 1424 1969 mihi

154 1993 243 2043 ipse
271 1994 540 2042 confiderem3
576 2007 670 2032 nam
701 1998 742 2032 et
771 1995 982 2044 praeclara
1011 2007 1075 2033 res
1106 2000 1168 2033 est
1197 1998 1238 2033 et
1268 2009 1422 2044 sumus,

151 2061 199 2096 ut
220 2058 326 2096 dixit
347 2059 544 2106 Fannius,
567 2059 700 2097 otiosi.
761 2059 842 2097 Sed
862 2060 954 2109 quis
975 2072 1050 2108 eoo
1071 2072 1159 2097 sum
1178 2062 1197 2098 ?
1227 2064 1299 2098 aut
1319 2072 1423 2110 quae

153 2126 216 2160 est
240 2123 284 2160 in
308 2135 372 2160 me
397 2123 611 2161 facultas.
642 2124 854 2161 doctorum
880 2128 943 2162 est
967 2124 1049 2162 ista
1075 2124 1341 2172 consuetudo,
1364 2137 1425 2162 ea-

152 2199 231 2236 que
248 2188 511 2234 Graecorum,
528 2192 575 2225 ut
596 2188 654 2226 eis
675 2193 863 2238 ponatur,
881 2188 930 2226 de
952 2201 1032 2238 quo
1053 2189 1269 2238 disputent
1286 2201 1424 2239 quam-

152 2251 215 2289 vis
233 2252 391 2300 subito;
418 2264 612 2300 magnum
628 2265 730 2302 opus
747 2256 810 2291 est
831 2257 1003 2302 egetque
1025 2253 1320 2291 exercitatione
1341 2266 1424 2291 non

152 2328 291 2366 parva.
349 2316 481 2362 Quam
502 2316 553 2354 ob
573 2328 670 2363 rem,
693 2330 797 2367 quae
821 2317 1026 2367 disputari
1050 2317 1099 2355 de
1125 2317 1311 2356 amicitia
1336 2330 1424 2368 pos-

1457 908 1494 936 10

1456 1231 1492 1259 15

1453 2199 1491 2227 30
