1747 2620
680 168 908 199 CHAPTERS
937 168 1007 203 IX„
1034 168 1074 197 X.

212 282 334 320 citiae
373 282 647 331 sempiternae
687 284 794 319 sunt.
872 282 1017 317 Ortum
1061 280 1225 329 quidem
1269 279 1477 318 amicitiae

212 346 376 393 videtis,
406 345 484 384 nisi
516 345 617 394 quid
647 345 698 382 ad
727 344 827 382 haec
856 345 966 381 forte
993 344 1133 382 vultis.

265 412 459 448 Fannius.
501 411 564 447 Tu
589 422 684 447 vero
712 421 847 459 perge,
873 408 1011 456 Laeli3
1048 421 1120 458 pro
1150 408 1225 446 hoc
1255 408 1378 457 enim,
1406 408 1477 458 qui

212 475 346 513 minor
366 478 429 513 est
449 478 562 519 natu,
584 486 672 511 meo
693 474 780 510 iure
802 473 1040 523 respondeo.

218 530 224 534 ’
264 538 326 577 33.
370 540 572 577 Scaevola.
615 539 742 576 Recte
768 542 812 575 tu
834 537 1013 587 quidem.
1071 538 1201 582 Quam
1226 537 1277 575 ob
1303 550 1387 575 rem
1413 550 1479 575 au-

212 603 383 641 diamus.

264 668 313 704 X.
356 669 529 705 Laelius.
572 667 727 711 Audite
754 679 860 714 vero,
887 666 1034 716 optimi
1060 666 1151 711 viri,
1178 679 1235 705 ea.
1261 679 1365 716 quae
1396 679 1478 704 sae-

212 731 378 781 pissime
394 732 501 769 inter
512 744 576 769 me
590 736 631 769 et
646 731 876 780 Scipionem
894 731 943 768 de
958 731 1143 768 amicitia
1154 731 1474 768 disserebantur.

209 796 463 845 Quamquam
496 795 567 833 ille
600 795 767 845 quidem
799 795 905 832 nihil
938 794 1148 833 difficilius
1181 807 1269 833 esse
1301 795 1476 842 dicebat,

209 872 333 909 quam
359 860 585 897 amicitiam
614 872 743 909 usque
773 859 825 897 ad
855 863 1084 897 extremum
1112 859 1223 896 vitae
1253 859 1359 896 diem
1393 871 1478 909 per-

209 936 383 961 manere.
453 924 573 971 Nam,
604 924 669 961 vel
702 928 747 961 ut
778 936 861 961 non
892 924 1001 961 idem
1036 923 1262 973 expediret,
1295 923 1476 961 incidere

210 1000 342 1038 saepe,
364 988 429 1025 vel
457 992 502 1025 ut
530 988 578 1025 de
606 1001 648 1025 re
676 988 842 1038 publica
869 1001 950 1025 non
980 988 1088 1025 idem
1119 988 1362 1036 sentiretur3
1395 1001 1477 1025 mu-

208 1053 288 1090 tari
323 1052 449 1090 etiam
483 1065 616 1091 mores
651 1052 863 1090 hominum
898 1064 1019 1102 saepe
1058 1053 1233 1097 dicebat,
1269 1052 1372 1090 alias
1411 1053 1478 1090 ad-

209 1117 340 1155 versis
362 1117 494 1164 rebus,
517 1117 620 1155 alias
641 1121 776 1155 aetate
799 1117 1121 1165 ingravescente.
1179 1118 1315 1167 Atque
1337 1129 1475 1155 earum

208 1193 344 1218 reruni
383 1181 615 1231 exemplum
656 1193 705 1218 ex
745 1181 1022 1219 similitudine
1064 1182 1253 1231 capiebat
1294 1182 1476 1220 ineuntis

207 1245 369 1292 aetatis,
392 1246 501 1295 quod
527 1246 675 1284 summi
701 1258 920 1295 puerorum
946 1258 1102 1283 amores
1130 1258 1251 1295 saepe
1275 1259 1357 1283 una
1384 1259 1475 1283 cum

206 1314 422 1359 praetexta
450 1314 547 1359 toga
575 1315 848 1360 ponerentur;
899 1309 960 1348 34.
995 1310 1059 1348 sin
1089 1314 1227 1348 autem
1258 1311 1309 1348 ad
1340 1311 1477 1349 adule-

207 1374 406 1412 scentiam
430 1374 619 1424 perducti
645 1379 794 1421 essent,
821 1374 961 1412 dirimi
986 1379 1125 1412 tamen
1151 1375 1357 1412 interdum
1386 1388 1476 1413 con-

205 1439 390 1477 tentione
411 1438 477 1476 1701
499 1439 667 1477 uxoriae
693 1439 946 1477 condicionis
968 1439 1034 1477 vel
1059 1439 1262 1477 commodi
1287 1439 1473 1487 alicuius,

206 1503 316 1552 quod
340 1503 449 1541 idem
474 1503 651 1553 adipisci
676 1508 847 1553 uterque
875 1516 957 1541 non
985 1508 1133 1553 posset.
1195 1504 1313 1549 Quod
1341 1505 1375 1542 si
1403 1505 1473 1554 qui

206 1566 370 1615 longius
394 1568 437 1604 111
462 1568 646 1606 amicitia
671 1568 855 1618 provecti
883 1572 1032 1615 essent,
1055 1572 1194 1606 tamen
1222 1581 1342 1618 saepe
1370 1569 1476 1607 labe-

205 1631 366 1678 factari,
386 1632 419 1669 si
441 1632 485 1669 in
506 1632 672 1670 honoris
694 1633 998 1670 contentionem
1022 1633 1289 1681 incidissent3
1315 1638 1473 1683 pestem

205 1695 315 1733 enim
331 1696 489 1734 nullam
511 1696 704 1734 maiorem
729 1709 816 1734 esse
838 1697 1033 1734 amicitiis
1056 1709 1178 1746 quam
1202 1697 1244 1734 in
1265 1697 1473 1747 plerisque

205 1760 402 1809 pecuniae
436 1760 722 1810 cupiditatem,
756 1761 799 1798 in
834 1761 1002 1811 optimis
1038 1761 1270 1811 quibusque
1306 1761 1473 1801 honoris

205 1829 412 1862 certamen
428 1831 469 1863 et
486 1825 662 1873 gloriae:
692 1838 741 1863 ex
763 1838 843 1875 quo
865 1825 1106 1863 inimicitias
1126 1826 1330 1864 maximas
1352 1839 1473 1876 saepe
1504 1839 1511 1850 ‘

205 1888 313 1926 inter
340 1889 612 1927 amicissimos
642 1889 865 1928 exstitisse.
955 1889 1017 1928 35.
1056 1891 1210 1938 Magna
1239 1891 1366 1929 etiam
1395 1891 1475 1929 dis-

204 1953 314 1991 cidia
335 1958 375 1991 et
396 1953 639 2003 plerumque
660 1954 771 1992 iusta
790 1954 918 1999 nasci,
940 1967 1033 1991 cum
1054 1954 1217 2004 aliquid
1241 1955 1297 1993 ab
1312 1955 1472 1999 amicis,

204 2017 314 2066 quod
341 2022 498 2055 rectum
528 2031 609 2055 11011
640 2024 759 2065 esset,
788 2018 1080 2068 postularetur,
1109 2023 1155 2056 ut
1185 2023 1256 2056 aut
1286 2019 1472 2058 libidinis

204 2081 386 2119 ministri
417 2086 488 2119 aut
517 2082 725 2120 adiutores
756 2086 895 2120 essent
925 2083 977 2120 ad
1009 2083 1226 2131 iniuriam;
1260 2084 1370 2133 quod
1401 2085 1472 2134 qui

204 2150 451 2193 recusarent,
486 2147 675 2196 quamvis
713 2147 885 2185 honeste
920 2147 962 2184 id
997 2147 1194 2195 facerent,
1230 2148 1293 2185 ius
1332 2153 1472 2186 tamen

199 2210 412 2257 ‘amicitiae
439 2211 625 2249 deserere
652 2216 922 2260 arguerentur
946 2212 997 2249 ab
1024 2212 1095 2258 eis,
1120 2212 1269 2261 quibus
1299 2212 1471 2262 obsequi

203 2274 373 2312 nollent.
433 2275 535 2313 Illos
563 2280 713 2323 autem,
736 2276 806 2325 qui
834 2276 1001 2326 quidvis
1031 2277 1082 2314 ab
1111 2276 1242 2314 amico
1271 2277 1472 2316 auderent

1491 157 1545 199 15

1509 869 1544 896 10

1508 1191 1543 1219 15

1502 2160 1540 2187 31)
