1747 2620
209 858 246 886 10

624 160 676 188 LA
683 160 752 188 ELI
759 160 809 189 US
838 160 896 188 DE
925 160 1126 189 AMICITIA

276 271 392 308 nulla
418 284 480 308 res
508 271 721 320 impediat,
749 284 868 308 nemo
889 275 963 318 est,
991 271 1094 320 quin
1115 284 1173 318 eo,
1201 284 1282 321 quo
1303 272 1532 318 consuevit,

276 335 475 373 libentius
507 339 648 373 utatur
673 348 796 385 quam
826 335 1052 373 intractato
1079 340 1120 373 et
1150 349 1268 374 novo.
1330 337 1417 374 Nec
1441 349 1538 374 vero

278 400 318 437 in
349 400 436 447 hos»,
464 400 574 449 quod
602 403 665 437 est
694 399 862 446 animal,
890 400 962 437 sed
991 400 1034 437 in
1058 401 1118 438 eis
1141 401 1279 447 etiam,
1307 413 1411 450 quae
1442 406 1538 438 sunt

276 464 473 511 inanima,
509 465 764 502 consuetudo
794 464 920 512 valet,
956 478 1047 502 cum
1083 465 1186 503 locis
1223 465 1327 515 ipsis
1363 465 1539 503 delecte-

276 542 377 576 mur,
404 528 636 566 montuosis
667 529 794 566 etiam
825 533 867 567 et
896 529 1176 578 silvestribus,
1205 529 1248 567 in
1270 529 1420 580 quibus
1449 529 1538 567 diu-

275 593 360 630 tius
382 593 625 630 commorati
646 605 800 630 sumus.

328 657 393 695 69.
430 657 509 695 Sed
537 657 766 695 maximum
795 661 858 695 est
886 657 929 694 in
950 657 1138 696 amicitia
1162 670 1303 707 parem
1324 670 1412 696 esse
1435 657 1539 696 infe-

276 721 390 758 riori.
454 722 584 771 Saepe
606 722 717 759 enim
739 722 1013 759 excellentiae
1039 722 1239 772 quaedam
1266 726 1375 770 sunt,
1402 721 1539 772 qualis

276 789 365 823 erat
394 786 604 835 Scipionis
635 786 678 823 in
704 790 858 833 nostro,
885 790 931 823 ut
960 786 1020 824 ita
1041 786 1187 834 dicam,
1215 799 1349 835 grege.
1410 786 1539 824 Num-

275 863 399 899 quam
439 862 481 887 se
523 849 595 887 1110
634 850 772 897 Ρ11110,
818 863 1042 900 numquam
1083 850 1267 900 Rupilio,
1314 863 1539 900 numquam

276 914 479 951 Mummio
500 914 752 963 anteposuit,
775 928 1002 964 numquam
1026 915 1239 952 inferioris
1258 915 1418 952 ordinis
1439 915 1539 952 ami-

275 978 347 1026 cis,
378 979 423 1023 Q.
449 990 546 1016 vero
578 978 811 1016 Maximum
842 979 1028 1027 fratrem,
1055 979 1267 1028 egregium
1291 979 1428 1016 virum
1457 991 1540 1016 0111-

276 1043 387 1090 111110,
415 1043 497 1080 sibi
518 1055 780 1092 nequaquam
801 1055 954 1092 parem,
982 1043 1092 1092 quod
1117 1043 1152 1080 is
1178 1043 1365 1081 anteibat
1388 1046 1535 1090 aetate,

276 1111 488 1157 tamquam
520 1107 777 1156 superiorem
808 1107 969 1145 colebat
1000 1119 1179 1157 suosque
1213 1120 1357 1145 omnes
1392 1120 1464 1157 per
1499 1119 1541 1145 se

276 1184 395 1221 posse
426 1184 515 1209 esse
545 1171 768 1221 ampliores
794 1171 973 1209 volebat.
1063 1171 1125 1210 70.
1162 1172 1278 1216 Quod
1303 1171 1540 1209 faciendum

279 1236 611 1285 imitandumque
633 1240 697 1273 est
718 1236 922 1283 omnibus,
950 1240 1008 1284 ut,
1035 1236 1071 1273 si
1094 1249 1217 1286 quani
1240 1235 1539 1286 praestantiam

277 1300 462 1348 virtutis,
500 1300 654 1349 ingeni,
691 1300 883 1338 fortunae
914 1300 1125 1338 consecuti
1163 1300 1261 1348 51111,
1299 1300 1542 1350 impertiant

277 1378 324 1402 ea
346 1366 432 1402 suis
454 1365 843 1414 communicentque
865 1377 956 1402 cum
979 1364 1194 1414 proximis,
1216 1368 1275 1412 111,
1303 1365 1336 1402 51
1360 1364 1542 1414 parenti-

277 1430 351 1466 bus
374 1429 463 1467 nati
493 1429 578 1466 sint
606 1429 848 1476 humilibus,
877 1429 913 1466 si
938 1429 1193 1479 propinquos
1215 1429 1395 1466 habeant
1417 1428 1542 1466 imbe-

277 1494 439 1532 cilliore
471 1494 537 1530 vel
568 1493 708 1530 animo
739 1493 805 1530 vel
837 1494 1017 1540 fortuna,
1053 1506 1195 1531 eorum
1231 1496 1409 1542 augeant
1444 1505 1542 1543 opes

278 1559 421 1607 eisque
452 1558 600 1595 honori
631 1558 717 1595 sint
746 1562 788 1595 et
821 1557 1034 1606 dignitati.
1100 1558 1160 1595 Ut
1190 1557 1233 1595 in
1265 1557 1433 1605 fabulis,
1470 1557 1543 1607 qui

278 1622 540 1672 aliquamdiu
562 1626 730 1672 propter
754 1622 1057 1671 ignorationem
1081 1622 1227 1672 stirpis
1250 1625 1291 1660 et
1315 1621 1478 1671 generis
1501 1621 1543 1658 in

278 1687 486 1724 famulatu
508 1687 690 1733 fuerunt,
713 1699 805 1724 cum
828 1686 986 1735 cogniti
1008 1689 1106 1724 sunt
1127 1690 1168 1723 et
1188 1689 1259 1723 aut
1281 1686 1451 1749 deorum
1472 1689 1544 1723 aut

278 1764 421 1800 regum
452 1751 532 1788 filii
563 1751 738 1798 inventi,
766 1750 950 1788 retinent
980 1754 1119 1788 tamen
1144 1750 1360 1788 caritatem
1389 1750 1431 1787 in
1452 1762 1544 1800 pas-

278 1823 400 1861 tores,
428 1828 530 1865 quos
552 1819 691 1865 patres
714 1814 867 1853 multos
889 1827 1018 1853 annos
1040 1827 1129 1852 esse
1151 1815 1371 1852 duxerunt.
1427 1813 1544 1859 Quod

279 1884 342 1918 est
372 1880 504 1917 multo
535 1880 723 1930 profecto
754 1879 885 1929 magis
919 1880 960 1917 in
982 1880 1092 1917 veris
1118 1879 1306 1929 patribus
1335 1879 1543 1928 certisque

279 1945 531 1982 faciendum.
596 1945 770 1982 Fructus
802 1944 913 1981 enim
946 1944 1087 1993 ingeni
1118 1948 1159 1982 et
1189 1943 1362 1981 virtutis
1392 1943 1544 1980 omnis-

280 2022 358 2058 que
382 2008 661 2058 praestantiae
682 2012 771 2045 tum
795 2008 1000 2046 maximus
1026 2009 1201 2059 capitur,
1228 2022 1319 2045 cum
1343 2008 1384 2045 in
1407 2007 1545 2057 proxi-

280 2087 392 2110 mum
423 2085 626 2123 quemque
657 2073 882 2110 confertur.

334 2139 429 2176 XX.
475 2137 538 2175 71.
575 2137 636 2175 Ut
667 2137 796 2185 igitur
826 2138 876 2185 ei,
908 2137 981 2187 qui
1011 2142 1109 2175 sunt
1140 2137 1183 2174 in
1213 2136 1424 2175 amicitiae
1452 2148 1545 2173 con-

282 2202 592 2251 iunctionisque
624 2202 936 2239 necessitudine
967 2202 1213 2251 511110110105,
1244 2212 1473 2250 exaequare
1502 2212 1544 2237 se

281 2280 370 2305 cum
406 2266 675 2304 inferioribus
706 2266 870 2313 debent,
898 2266 957 2304 sic
987 2266 1208 2303 inferiores
1236 2278 1319 2303 11011
1343 2265 1481 2302 dolere
1502 2276 1544 2301 se
