1747 2620
627 170 854 200 GHAPTERS
884 171 1020 206 xxm„
1048 171 1170 201 XXIV.

284 283 440 321 XXIV.
485 282 566 320 Sed
592 294 683 319 cum
712 285 774 319 tot
802 281 935 330 signis
960 282 1101 320 eadem
1124 286 1273 321 natura
1293 283 1488 332 declaret,

230 348 332 398 quid
360 346 475 394 velit,
503 346 710 396 anquirat,
737 346 958 394 desideret,
989 350 1128 384 tamen
1155 348 1492 386 obsurdescimus

229 412 369 450 nescio
398 424 479 461 quo
510 411 629 448 modo
659 423 734 449 nec
764 424 822 458 ea,
850 424 954 460 quae
981 411 1032 449 ab
1056 425 1103 449 ea
1124 425 1349 460 monemur,
1376 413 1492 451 audi-

229 489 332 514 mus.
396 476 473 513 Est
497 475 609 512 enim
636 475 777 513 varius
808 479 849 513 et
879 475 1103 525 multiplex
1134 490 1233 514 usus
1261 477 1486 525 amicitiae,

229 540 467 590 multaeque
497 552 643 577 causae
676 539 962 589 suspicionum
997 540 1359 591 offensionumque
1394 542 1492 579 dan-

227 609 307 653 tur,
341 617 443 654 quas
473 608 561 642 tum
592 604 763 652 evitare,
797 608 886 642 tum
916 604 1091 652 elevare,
1123 609 1212 643 tum
1242 606 1351 643 ferre
1382 606 1491 656 sapi-

227 669 338 707 entis
382 673 464 716 est3
522 681 606 706 una
650 668 725 706 illa
768 669 982 706 subeunda
1024 669 1200 707 offensio
1238 674 1313 717 est,
1357 674 1404 708 ut
1450 675 1492 708 et

226 733 392 772 utilitas
424 733 467 770 in
497 733 687 771 amicitia
716 736 757 770 et
786 733 888 770 fides
920 733 1172 771 retineatur:
1209 747 1304 772 nam
1336 738 1377 772 et
1407 747 1490 772 mo-

227 798 354 836 nendi
388 797 512 835 amici
542 810 663 847 saepe
694 801 791 835 sunt
821 801 862 834 et
891 797 1152 846 obiurgandi,
1187 803 1229 836 et
1259 799 1358 836 haec
1387 799 1491 837 acci-

226 862 379 912 pienda
407 861 550 907 amice,
578 874 670 899 cum
701 861 900 899 benevole
931 862 1050 899 fiunt.
1141 862 1205 901 89.
1241 863 1321 901 Sed
1351 863 1491 902 nescio

227 939 308 977 quo
328 926 448 964 modo
469 938 612 963 verum
635 930 710 974 est,
737 926 847 976 quod
874 926 916 963 in
938 926 1099 964 Andria
1129 927 1355 966 familiaris
1376 940 1491 966 meus

227 991 350 1029 dicit:

467 1059 685 1099 Obsequium
703 1059 847 1099 amicos,
864 1060 994 1091 veritas
1011 1060 1131 1091 odium
1148 1061 1252 1100 parit.

226 1182 407 1220 Molesta
427 1182 596 1230 veritas,
623 1182 831 1232 siquidem
853 1196 903 1220 ex
925 1196 972 1221 ea
992 1184 1180 1221 nascitur
1201 1184 1353 1232 odium,
1382 1186 1493 1235 quod

226 1251 289 1285 est
316 1260 519 1284 venenum
550 1247 773 1295 amicitiae,
804 1248 875 1285 sed
906 1248 1152 1298 obsequium
1183 1249 1316 1287 multo
1346 1249 1493 1288 moles-

226 1311 324 1359 tius,
365 1312 476 1362 quod
515 1311 696 1362 peccatis
739 1312 961 1361 indulgens
1002 1313 1275 1363 praecipitem
1314 1315 1494 1353 amicum

226 1376 329 1414 ferri
360 1376 481 1424 sinit3
514 1376 696 1414 maxima
726 1380 865 1414 autem
897 1377 1021 1427 culpa
1052 1377 1092 1414 in
1124 1390 1183 1425 eo,
1212 1378 1283 1428 qui
1315 1382 1356 1416 et
1386 1379 1493 1417 veri-

226 1444 355 1479 tatem
382 1444 629 1490 aspernatur
654 1445 696 1479 et
724 1440 767 1478 in
795 1441 985 1479 fraudem
1012 1442 1211 1492 obsequio
1240 1443 1488 1493 impellitur.

228 1505 354 1543 Omni
390 1505 519 1554 igitur
554 1505 630 1543 hac
666 1505 710 1542 in
745 1518 788 1543 re
824 1506 1014 1544 habenda
1050 1507 1156 1545 ratio
1192 1510 1234 1545 et
1268 1507 1495 1557 diligentia

227 1573 302 1617 est,
347 1569 528 1619 primum
566 1574 614 1607 ut
652 1569 828 1608 monitio
868 1571 1108 1619 acerbitate,
1150 1572 1300 1610 deinde
1339 1576 1386 1610 ut
1426 1573 1493 1611 ob·

228 1634 408 1683 iurgatio
436 1634 690 1672 contumelia
716 1638 873 1682 careat,
912 1635 953 1672 in
983 1635 1181 1685 obsequio
1212 1640 1363 1685 autem,
1395 1650 1493 1687 quo-

227 1698 339 1736 niam
357 1698 608 1736 Terentiano
630 1699 755 1737 verbo
776 1699 957 1737 libenter
977 1699 1147 1747 utimur,
1170 1701 1344 1739 comitas
1365 1702 1488 1750 adsit,

227 1763 467 1811 assentatio,
494 1763 695 1800 vitiorum
717 1763 916 1811 adiutrix,
944 1765 1088 1814 procul
1110 1769 1361 1814 amoveatur,
1389 1779 1494 1817 quae

227 1840 309 1865 non
345 1828 467 1865 modo
503 1827 649 1875 amico,
686 1828 757 1866 sed
792 1841 842 1866 ne
879 1828 1011 1866 libero
1047 1829 1214 1879 quidem
1252 1830 1380 1879 digna
1410 1835 1491 1879 est3

227 1892 351 1929 aliter
382 1892 493 1929 enim
524 1905 615 1930 cum
646 1896 837 1942 tyranno,
874 1893 1000 1931 aliter
1029 1906 1120 1931 cum
1151 1894 1285 1932 amico
1315 1895 1489 1934 vivitur.
1526 1906 1561 1931 m*

227 1955 292 1994 90.
332 1956 461 1994 Cuius
493 1959 632 1994 autem
663 1969 782 1994 aures
813 1957 977 1995 clausae
1010 1958 1180 1996 veritati
1217 1964 1327 2007 sunt,
1364 1966 1410 1998 ut
1444 1960 1495 1997 ab

227 2020 358 2058 amico
379 2033 523 2058 verum
551 2021 694 2059 audire
724 2026 914 2071 nequeat,
942 2022 1066 2059 huius
1096 2023 1208 2061 salus
1237 2024 1496 2074 desperanda

227 2089 302 2122 est.
366 2085 524 2122 Scitum
556 2089 619 2123 est
649 2085 759 2123 enim
792 2086 898 2124 illud
931 2087 1115 2135 Catonis,
1140 2091 1189 2125 ut
1214 2088 1365 2126 multa:
1399 2089 1494 2127 ‘me-

227 2151 306 2187 lius
337 2152 384 2187 cle
415 2152 657 2198 quibusdam
691 2153 850 2189 acerbos
887 2154 1071 2189 inimicos
1101 2156 1246 2190 mereri
1276 2167 1398 2201 (luam
1430 2167 1495 2192 eos

215 2217 388 2263 amicos,
416 2218 486 2263 qui
514 2217 644 2253 dulces
669 2218 909 2262 videamm·;
943 2219 1030 2254 illos
1051 2230 1188 2255 verum
1211 2231 1326 2266 saepe
1348 2221 1487 2266 (licere,

228 2281 297 2317 hos
326 2279 579 2328 numquam)
639 2281 779 2330 Atque
808 2280 915 2318 illud
944 2281 1182 2330 absurdum,
1210 2283 1321 2332 quod
1343 2283 1394 2331 ei,
1421 2283 1493 2334 qui

1508 162 1562 203 35

1541 550 1559 577 5

1524 873 1560 900 10

1525 1259 1560 1286 15

1524 1581 1562 1609 20

1525 2229 1531 2253 Ξ
1535 2228 1562 2253 50
