1747 2620
212 136 267 175 40

215 846 251 873 10

217 1170 251 1197 15

219 1815 255 1843 ἓὲἐ

221 2137 258 2166 30

628 145 814 175 LAELIUS
842 145 900 173 DE
930 145 954 173 A
961 145 1132 174 MICITIA

282 261 369 295 rata
392 261 455 295 est
477 256 589 294 vitae
612 260 868 305 naturaeque
890 259 1068 303 nostrae,
1087 260 1133 293 ut
1150 255 1234 293 alia
1254 269 1305 294 ex
1326 256 1411 295 alia
1431 261 1543 296 aetas

280 322 450 369 oriatur,
478 320 658 358 maxime
680 320 847 370 quidem
868 321 1095 370 optandum
1117 324 1192 368 est,
1216 327 1262 358 ut
1282 334 1375 358 011111
1396 334 1545 372 aequa·

280 386 392 423 libus
422 385 571 436 possis,
598 385 846 435 quibuscum
876 388 1090 435 tamquam
1115 398 1135 422 e
1161 385 1395 423 carceribus
1423 386 1544 424 emis-

281 463 350 488 sus
380 450 450 497 sis,
478 462 569 488 cum
602 450 732 487 isdem
764 449 815 487 ad
845 449 1010 497 calcem,
1036 453 1084 487 ut
1114 449 1281 498 dicitur,
1308 451 1539 500 pervenire.

281 514 366 553 102.
414 514 493 552 Sed
524 514 721 564 quoniam
752 526 816 551 res
847 513 1051 551 humanae
1082 513 1255 563 fragiles
1286 514 1544 565 caducaeque

281 583 388 626 sunt,
416 591 578 628 semper
608 578 743 628 aliqui
772 577 1023 628 anquirendi
1054 582 1163 626 sunt,
1190 591 1293 628 quos
1318 578 1544 628 diligamus

280 647 321 681 et
341 656 365 681 a
385 643 537 693 quibus
560 642 805 691 diligamur;
838 642 1013 680 caritate
1038 642 1148 679 enim
1170 642 1545 693 benevolentiaque

281 707 446 745 sublata
476 707 611 745 01111113
644 711 707 744 est
741 719 762 744 e
794 706 884 744 vita
917 706 1083 744 sublata
1120 707 1370 744 iucunditas.
1435 707 1545 745 Mihi

281 772 449 822 quidem
483 771 636 822 Scipio,
672 783 924 821 quamquam
954 775 1018 808 est
1048 771 1187 809 subito
1217 775 1400 821 ereptus,
1438 772 1547 809 vivit

280 841 420 875 tamen
450 848 694 886 semperque
716 836 852 883 vivet;
886 835 1086 873 virtutem
1119 836 1230 873 enim
1260 836 1396 873 amavi
1428 836 1545 874 illius

281 901 376 949 viri,
407 914 512 951 quae
542 900 752 938 exstincta
780 912 862 937 non
892 904 973 948 est3
1006 912 1080 938 nec
1110 900 1217 937 mihi
1248 900 1327 938 soli
1358 904 1547 938 versatur

281 970 378 1004 ante
423 965 576 1012 oculos,
617 965 689 1014 qui
736 964 852 1002 illam
895 976 1056 1014 semper
1092 964 1133 1001 in
1172 965 1361 1002 manibus
1403 965 1541 1013 habui,

282 1031 352 1068 sed
384 1030 511 1068 etiam
538 1029 717 1079 posteris
745 1028 827 1066 erit
850 1028 963 1066 clara
988 1032 1030 1066 et
1055 1028 1247 1077 insignis.
1308 1029 1441 1066 Nemo
1461 1042 1547 1066 um-

283 1108 406 1145 quam
435 1094 574 1132 animo
604 1097 677 1132 aut
711 1105 782 1143 spe
814 1093 971 1130 maiora
1000 1092 1214 1142 suscipiet,
1251 1093 1324 1143 qui
1355 1093 1436 1131 sibi
1466 1106 1549 1131 11011

284 1159 400 1197 1111113
422 1158 665 1196 memoriam
686 1161 812 1208 atque
836 1157 1058 1206 imaginem
1080 1158 1389 1207 proponendam
1412 1162 1543 1208 putet.

284 1223 374 1262 103.
414 1223 622 1273 Equidem
652 1235 702 1260 ex
732 1222 924 1260 omnibus
953 1222 1088 1270 rebus,
1115 1235 1217 1272 quas
1240 1222 1345 1260 mihi
1367 1226 1439 1260 aut
1466 1223 1547 1260 sor-

284 1292 385 1326 tuna
413 1292 485 1326 aut
515 1291 665 1325 natura
693 1287 858 1335 tribuit,
884 1286 994 1324 nihil
1025 1287 1166 1335 habeo⁷
1194 1287 1303 1336 quod
1331 1300 1423 1324 cum
1448 1287 1548 1324 ami·

284 1353 386 1391 citia
424 1352 633 1402 Scipionis
674 1351 830 1401 possim
862 1363 1111 1401 comparare.
1174 1351 1223 1388 In
1256 1351 1331 1389 hac
1363 1351 1467 1388 mihi
1500 1352 1548 1389 de

284 1430 326 1455 re
357 1417 525 1467 publica
556 1428 791 1464 consensus,
824 1416 867 1453 in
896 1416 973 1453 hac
1003 1428 1138 1453 rerum
1170 1416 1427 1465 privatarum
1457 1428 1548 1454 con-

285 1482 440 1530 silium,
483 1481 526 1518 in
565 1481 707 1519 eadem
748 1480 912 1530 requies
951 1480 1076 1530 plena
1114 1480 1407 1518 oblectationis
1448 1480 1544 1518 fuit.

284 1548 523 1596 Numquam
556 1545 676 1583 illum
707 1558 759 1582 ne
787 1544 960 1583 minima
985 1544 1155 1595 quidem
1178 1557 1219 1582 re
1245 1544 1412 1592 offendi,
1441 1545 1550 1595 quod

285 1611 455 1661 quidem
480 1610 693 1657 senserim,
720 1609 831 1646 nihil
860 1608 1005 1646 audivi
1036 1622 1086 1646 ex
1117 1621 1164 1646 eo
1197 1609 1298 1659 ipse,
1325 1609 1434 1659 quod
1462 1609 1549 1646 nol-

286 1676 386 1723 lem3
418 1688 501 1712 una
530 1675 676 1712 domus
707 1678 807 1720 erat,
836 1673 945 1711 idem
975 1673 1125 1721 victus,
1154 1673 1271 1723 isque
1302 1673 1543 1720 communis,

285 1752 419 1789 neque
441 1739 574 1777 solum
596 1738 763 1786 militia,
790 1738 863 1775 sed
890 1738 1017 1775 etiam
1046 1738 1403 1788 peregrinationes
1426 1738 1550 1775 rusti-

286 1805 554 1853 cationesque
595 1815 843 1841 communes.
952 1801 1042 1840 104.
1095 1803 1204 1840 Nam
1245 1803 1345 1852 quid
1385 1815 1459 1851 ego
1501 1803 1550 1840 de

287 1869 440 1906 studiis
469 1868 603 1905 dicam
631 1867 905 1916 cognoscendi
933 1879 1096 1916 semper
1124 1866 1287 1916 aliquid
1316 1870 1439 1916 atque
1469 1867 1550 1903 dis-

287 1933 434 1970 cendi?
488 1932 531 1969 in
574 1932 725 1981 quibus
772 1931 922 1969 remoti
966 1931 1017 1969 ab
1060 1931 1192 1969 oculis
1241 1931 1386 1981 populi
1431 1943 1550 1968 omne

287 1997 466 2035 otiosum
498 2000 663 2046 tempus
691 1996 979 2033 contrivimus.
1041 1995 1222 2040 Quarum
1253 2008 1389 2032 rerum
1420 2007 1551 2032 recor-

288 2062 402 2099 datio
430 2065 471 2099 et
500 2061 700 2098 memoria
730 2061 767 2098 si
796 2073 878 2098 una
907 2073 998 2098 011111
1026 2059 1099 2097 1110
1128 2059 1362 2107 occidisset,
1391 2059 1551 2097 deside-

288 2127 395 2163 rium
413 2125 747 2163 coniunctissimi
764 2131 888 2174 atque
905 2124 1187 2162 amantissimi
1207 2123 1287 2160 viri
1309 2124 1417 2161 ferre
1435 2122 1552 2160 nullo

288 2191 408 2228 modo
428 2202 603 2240 possem.
668 2190 746 2226 Sed
764 2202 838 2227 nec
856 2188 932 2226 illa
952 2188 1161 2226 exstincta
1181 2192 1278 2226 sunt
1299 2188 1550 2237 alunturque

289 2255 428 2305 potius
456 2258 497 2292 et
524 2259 728 2303 augentur
752 2254 1003 2302 cogitatione
1026 2257 1067 2290 et
1088 2253 1283 2290 memoria
1306 2264 1408 2298 mea,
1436 2255 1488 2299 et,
1516 2251 1550 2288 si
