1747 2620
673 170 903 201 CHAPTERS
932 170 1018 226 105„
1046 170 1136 199 XXI.

240 297 290 322 ne
320 296 402 322 non
432 283 565 321 solum
596 281 807 321 amicitiae
838 281 1065 332 depositae,
1101 281 1173 319 sed
1204 281 1330 319 etiam
1365 280 1505 319 inimi-

239 349 364 387 citiae
394 351 610 397 susceptae
643 347 875 385 videantur.
940 345 1063 383 Nihil
1094 344 1206 383 enim
1241 350 1305 383 est
1340 345 1505 396 turpius

240 426 364 463 quam
385 425 477 450 cum
496 424 542 449 eo
559 411 714 449 bellum
731 423 882 460 gerere,
906 423 1081 461 quocum
1102 410 1373 448 familiariter
1390 410 1504 448 vixe-

240 478 310 515 ris.
371 477 437 514 Ab
458 476 648 514 amicitia
668 476 713 520 Q.
742 476 914 525 Pompei
936 487 1026 512 meo
1051 474 1217 512 nomine
1248 487 1291 512 se
1323 487 1505 513 remove-

240 546 314 590 rat,
333 544 380 578 ut
394 540 524 589 scitis,
541 540 701 590 Seipio3
725 544 894 590 propter
912 539 1217 577 dissensionem
1233 543 1385 586 autem,
1401 552 1505 589 quae

239 610 328 643 erat
349 605 392 642 in
414 618 455 642 re
478 605 657 655 publica,
685 604 893 642 alienatus
917 608 980 642 est
1008 616 1032 641 a
1056 603 1216 653 collega
1245 608 1388 642 nostro
1420 604 1506 641 Me-

239 670 360 717 tello;
391 674 615 719 utrumqne
633 668 720 717 egit
737 668 933 717 graviter,
954 671 996 705 at
1010 680 1101 706 cum
1116 667 1303 706 bonitate
1320 672 1361 705 et
1377 668 1505 705 offen-

239 734 355 772 sione
383 733 514 772 animi
542 746 625 770 non
646 733 804 771 acerba.
895 732 958 771 78.
994 732 1124 777 Quam
1140 732 1197 770 ob
1218 745 1302 770 rem
1325 732 1505 782 primum

239 799 375 837 danda
398 810 523 848 opera
547 801 622 845 est,
649 810 699 835 ne
724 809 806 847 qua
830 797 1057 834 amicorum
1082 796 1263 835 discidia
1287 796 1408 844 fiant3
1441 797 1507 834 sin

238 863 322 901 tale
352 862 515 912 aliquid
547 861 746 907 evenerit,
780 866 826 899 ut
856 861 1091 898 exstinctae
1122 860 1262 910 potius
1295 861 1506 899 amicitiae

239 940 363 978 quam
387 938 608 977 oppressae
633 938 723 963 esse
754 926 989 963 videantur.
1053 926 1293 964 Cavendum
1318 938 1428 974 vero,
1455 939 1505 963 ne

239 992 366 1030 etiam
395 991 439 1028 in
466 1003 612 1040 graves
644 990 892 1029 inimicitias
922 993 1168 1028 convertant
1199 1002 1240 1028 se
1271 990 1503 1039 amicitiae3

240 1069 290 1094 ex
320 1056 470 1106 quibus
503 1055 649 1104 iurgia,
681 1055 915 1102 maledicta,
949 1054 1227 1092 contumeliae
1259 1055 1500 1104 gignuntur.

239 1121 350 1166 Quae
372 1124 509 1158 tamen
533 1120 568 1157 si
590 1119 830 1157 tolerabiles
853 1123 987 1166 erunt,
1015 1120 1211 1157 ferendae
1237 1124 1346 1166 sunt,
1373 1124 1415 1157 et
1439 1120 1506 1157 hic

239 1185 368 1222 honos
392 1184 526 1222 veteri
551 1184 763 1222 amicitiae
789 1183 1048 1230 tribuendus,
1076 1188 1123 1221 ut
1149 1183 1184 1221 is
1211 1184 1254 1221 in
1281 1184 1405 1234 culpa
1431 1184 1500 1231 sit,

239 1249 310 1299 qui
333 1248 473 1296 faciat,
499 1260 582 1286 non
606 1248 654 1296 is,
682 1248 754 1298 qui
777 1248 963 1298 patiatur
984 1247 1195 1286 iniuriam.

293 1313 474 1351 Omnino
505 1312 688 1350 omnium
720 1312 867 1350 horum
897 1312 1099 1350 vitiorum
1130 1316 1255 1362 atque
1284 1313 1506 1351 incommo-

239 1378 384 1415 dorum
405 1389 488 1415 una
507 1377 646 1415 cautio
667 1381 731 1415 est
752 1381 877 1427 atque
907 1389 988 1414 una
1015 1376 1214 1426 provisio,
1240 1381 1288 1415 ut
1309 1390 1359 1415 ne
1381 1378 1507 1416 nimis

239 1442 323 1480 cito
347 1441 524 1490 diligere
550 1441 758 1491 incipiant
784 1454 888 1479 neve
916 1454 995 1479 non
1027 1441 1188 1490 dignos.
1279 1441 1342 1481 79.
1378 1442 1508 1491 Digni

239 1511 379 1544 autem
410 1510 509 1544 sunt
538 1506 739 1554 amicitia,
767 1506 918 1555 quibus
943 1506 987 1543 in
1009 1506 1113 1556 ipsis
1137 1506 1247 1545 inest
1274 1519 1410 1555 causa,
1437 1520 1509 1545 cur

240 1570 484 1620 diligantur.
547 1571 703 1608 Rarum
734 1583 876 1619 genus.
939 1571 995 1608 Et
1025 1570 1195 1620 quidem
1224 1571 1364 1610 onmia
1393 1584 1508 1622 prae-

240 1635 352 1674 clara
386 1648 489 1683 rara,
530 1647 603 1673 nec
639 1634 861 1685 quicquam
899 1635 1115 1673 difficilius
1152 1648 1276 1685 quam
1308 1637 1503 1686 reperire,

241 1699 350 1750 quod
371 1699 429 1737 sit
449 1699 562 1737 omni
583 1712 634 1737 ex
655 1703 772 1749 parte
795 1699 838 1736 in
859 1711 933 1737 suo
955 1712 1102 1748 genere
1124 1701 1370 1750 perfectum.
1429 1701 1510 1739 Sed

242 1764 431 1814 plerique
462 1776 595 1814 neque
632 1764 675 1801 in
711 1764 832 1801 rebus
866 1764 1060 1802 humanis
1097 1765 1320 1814 quicquam
1356 1765 1510 1803 bonum

240 1833 405 1877 norunt,
431 1828 516 1866 nisi
541 1828 651 1878 quod
675 1829 933 1866 fructuosum
962 1829 1030 1877 sit,
1057 1833 1099 1866 et
1119 1830 1274 1867 amicos
1296 1834 1510 1880 tamquam
1540 1842 1575 1869 ‘5

240 1893 418 1943 pecudes
449 1905 518 1931 eos
549 1893 817 1943 potissimum
848 1893 1045 1942 diligunt,
1073 1907 1123 1931 ex
1155 1894 1307 1944 quibus
1339 1899 1511 1944 sperant

242 1970 284 1995 se
314 1957 543 1995 maximum
574 1958 759 1995 fructum
789 1970 879 1995 esse
915 1961 1122 2008 capturos.
1212 1958 1276 1997 80.
1322 1960 1388 1997 Ita
1420 1959 1511 2009 pul-

241 2021 447 2060 cherrima
477 2021 553 2060 illa
580 2027 622 2060 et
651 2022 830 2060 maxime
855 2023 1040 2060 naturali
1062 2027 1204 2061 carent
1225 2023 1415 2062 amicitia
1438 2036 1511 2074 per

242 2099 284 2124 se
315 2091 356 2124 et
386 2091 556 2137 propter
585 2099 628 2124 se
658 2087 846 2136 expetita
872 2099 948 2125 nec
974 2087 1056 2137 ipsi
1079 2087 1161 2125 sibi
1183 2089 1374 2138 exemplo
1396 2095 1505 2136 sunt,

241 2150 341 2188 haec
363 2151 428 2188 vis
450 2150 661 2189 amicitiae
683 2155 725 2188 et
747 2151 885 2201 qualis
908 2156 949 2189 et
970 2156 1127 2201 quanta
1148 2152 1216 2190 sit.
1282 2153 1377 2203 Ipse
1399 2153 1511 2191 enim

241 2227 284 2252 se
306 2214 482 2265 quisque
505 2214 661 2264 diligit,
683 2228 767 2253 non
787 2220 834 2253 nt
854 2216 1039 2266 aliquam
1061 2229 1085 2254 a
1105 2229 1146 2254 se
1169 2217 1258 2267 ipse
1280 2218 1511 2255 mercedem

242 2281 383 2328 exigat
421 2278 612 2317 caritatis
648 2292 758 2327 suae,
798 2280 871 2318 sed
905 2281 1016 2330 quod
1046 2293 1119 2330 per
1149 2293 1191 2319 se
1221 2281 1303 2319 sibi
1334 2282 1512 2332 quisque

1520 160 1571 200 31

1539 871 1574 899 10

1539 1195 1575 1223 15
