1747 2620
615 190 844 219 CllAPTERS
873 190 1095 219 XV11.—X1X.

188 303 295 341 fidus
320 306 392 340 aut
420 301 585 340 stabilis
614 305 752 351 potest
773 313 875 338 esse.
938 301 1188 339 Addendum
1211 301 1352 339 eodem
1374 305 1450 350 est,

188 371 234 405 ut
255 380 305 405 ne
334 366 580 404 criminibus
609 369 680 403 aut
713 366 942 403 inferendis
968 366 1200 403 delectetur
1221 370 1292 404 aut
1313 367 1456 404 credat

187 431 353 479 oblatis,
380 443 485 481 quae
516 430 729 480 pertinent
759 430 898 467 omnia
926 431 977 467 ad
1002 443 1103 477 eam,
1131 444 1253 480 quam
1278 431 1359 468 iam
1382 431 1454 469 (111-

187 496 285 533 (111111
314 498 459 541 tracto,
491 494 783 532 constantiam.
852 495 914 532 Ita
944 495 990 532 fit
1022 507 1164 532 verum
1198 495 1316 543 illud,
1344 496 1453 545 quod

188 559 312 597 initio
355 559 458 607 dixi,
503 559 733 597 amicitiam
779 558 863 596 nisi
913 559 1021 597 inter
1068 560 1196 597 bonos
1239 572 1328 597 esse
1371 573 1452 597 non

186 637 318 674 posse.
380 624 458 662 Est
485 623 597 661 enim
624 623 723 661 boni
746 623 838 671 viri,
867 636 989 673 quem
1018 624 1194 661 eundem
1221 624 1452 674 sapientem

186 689 286 726 licet
314 689 462 737 dicere,
488 688 589 726 haec
611 689 691 725 duo
718 692 859 726 tenere
889 688 931 725 in
960 688 1167 726 amicitia:
1200 688 1380 738 primum
1402 702 1453 726 ne

186 753 286 803 quid
304 753 445 791 fictum
463 752 519 790 sit
536 765 639 790 neve
656 752 920 799 simulatum,
945 756 1086 802 aperte
1105 752 1216 789 enim
1230 753 1298 790 vel
1315 753 1452 791 odisse

186 817 317 866 magis
340 817 512 866 ingenui
534 821 598 854 est
625 830 748 866 quam
780 817 918 854 fronte
947 816 1155 855 occultare
1178 817 1450 865 sententiam,

185 881 334 919 deinde
362 894 445 919 non
473 881 607 919 solum
635 881 686 918 ab
707 881 850 931 aliquo
879 881 1030 919 allatas
1053 881 1368 920 criminationes
1390 895 1452 920 re-

184 946 352 996 pellere,
380 946 452 983 sed
481 958 532 983 ne
556 946 692 995 ipsum
717 945 885 995 quidem
910 958 999 983 esse
1029 946 1320 996 suspiciosum,
1348 959 1452 984 sem-

185 1023 258 1060 per
297 1010 459 1060 aliquid
499 1009 812 1048 existimantem
847 1010 898 1048 ab
932 1010 1065 1048 amico
1105 1023 1194 1048 esse
1231 1010 1447 1049 violatum,

184 1074 248 1113 66.
284 1074 466 1112 Accedat
494 1074 573 1112 huc
596 1074 781 1112 suavitas
804 1074 1007 1124 quaedam
1030 1079 1195 1125 oportet
1216 1088 1451 1113 sermonum

183 1142 309 1188 atque
339 1151 512 1184 morum,
548 1138 870 1188 haudquaquam
901 1139 1108 1177 mediocre
1138 1139 1450 1178 condimentum

183 1203 407 1241 amicitiae.
480 1203 677 1241 Tristitia
705 1206 844 1241 autem
875 1207 916 1241 et
949 1203 991 1240 in
1024 1204 1136 1241 omni
1171 1216 1213 1241 re
1249 1205 1451 1243 severitas

183 1266 309 1305 habet
338 1267 414 1305 illa
438 1267 607 1317 quidem
638 1267 902 1316 gravitatem,
930 1268 1002 1305 sed
1026 1268 1216 1306 amicitia
1237 1269 1452 1307 remissior

182 1343 272 1369 esse
294 1331 416 1369 debet
442 1335 484 1369 et
514 1331 688 1369 liberior
712 1335 754 1369 et
775 1331 938 1370 dulcior
959 1336 1000 1370 et
1021 1333 1072 1370 ad
1094 1345 1258 1371 omnem
1279 1334 1450 1372 comita-

182 1401 266 1434 tem
288 1396 622 1446 facilitatemque
643 1396 884 1447 proclivior.

237 1461 354 1498 XIX.
394 1460 459 1499 6¹7.
488 1461 673 1499 Exsistit
689 1465 828 1499 autem
846 1461 921 1499 1106
939 1461 1028 1499 1060
1043 1462 1246 1512 quaedam
1261 1463 1450 1513 quaestio

182 1524 461 1573 subdifficilis,
489 1538 586 1562 num
615 1526 780 1575 quando
807 1526 932 1563 amici
960 1526 1070 1573 novi,
1098 1526 1217 1575 digni
1245 1528 1444 1575 amicitia,

181 1589 394 1627 veteribus
425 1589 511 1627 sint
541 1590 834 1640 anteponendi,
870 1594 917 1628 1113
947 1590 1067 1640 equis
1100 1592 1254 1629 vetulis
1284 1596 1449 1630 teneros

181 1658 432 1704 anteponere
450 1654 645 1692 solemus.
695 1654 876 1704 Indigna
892 1655 1061 1693 homine
1079 1655 1308 1694 dubitatio!
1353 1657 1449 1695 Non

181 1718 293 1755 enim
325 1718 478 1757 debent
509 1731 598 1757 esse
633 1719 915 1757 amicitiarum
954 1719 1063 1757 sicut
1097 1720 1275 1758 aliarum
1312 1734 1448 1759 rerum

181 1782 418 1831 satietates3
450 1783 675 1821 veterrima
695 1796 896 1833 quaeque,
915 1787 963 1822 ut
983 1796 1030 1822 ea
1050 1784 1161 1831 vina,
1185 1797 1289 1834 quae
1311 1790 1449 1824 vetus-

180 1850 308 1885 tatem
337 1848 491 1896 ferunt,
518 1860 607 1886 esse
633 1848 755 1886 debet
783 1848 1053 1896 suavissima;
1086 1861 1313 1899 verumque
1342 1850 1449 1888 illud

180 1915 255 1959 est,
283 1912 393 1962 quod
415 1912 582 1960 dicitur,
610 1912 764 1950 multos
793 1913 953 1951 modios
982 1913 1084 1951 salis
1112 1914 1239 1951 simul
1268 1915 1449 1953 edendos

180 1988 282 2024 esse,
317 1980 364 2014 ut
393 1977 604 2015 amicitiae
634 1990 784 2015 munus
816 1977 1030 2027 expletum
1062 1978 1130 2016 sit.
1219 1978 1283 2017 68.
1318 1980 1448 2016 Novi-

179 2044 288 2078 tates
319 2044 457 2079 autem
487 2041 524 2079 si
554 2054 668 2091 spem
700 2042 894 2089 afferunt,
921 2046 968 2080 ut
998 2046 1213 2092 tamquam
1239 2043 1281 2080 in
1307 2043 1448 2082 herbis

179 2116 261 2142 non
282 2104 506 2143 fallacibus
528 2106 690 2144 fructus
708 2110 918 2156 appareat,
942 2120 1025 2144 non
1046 2110 1144 2145 sunt
1162 2107 1260 2145 illae
1279 2108 1447 2158 quidem

180 2169 473 2219 repudiandae,
513 2174 701 2208 vetustas
737 2174 877 2208 tamen
912 2184 986 2209 suo
1021 2171 1111 2210 loco
1144 2173 1445 2220 conservanda,

179 2233 363 2272 maxima
400 2238 464 2272 est
502 2234 614 2272 enim
653 2235 719 2273 vis
758 2236 985 2274 vetustatis
1028 2240 1069 2274 et
1111 2237 1442 2275 consuetudinis.

179 2297 287 2342 Quin
318 2298 362 2336 in
392 2298 484 2349 ipso
520 2312 637 2349 equo,
678 2299 796 2338 cuius
832 2301 953 2338 modo
988 2301 1071 2339 feci
1104 2301 1372 2350 mentionem,
1410 2302 1446 2340 si

1470 180 1522 221 27

1484 891 1497 918 1
1502 891 1520 917 Ο

1484 1214 1519 1241 15

1481 1536 1519 1563 20

1478 2183 1515 2211 30
