1747 2620
618 179 847 209 CHAPTERS
875 178 1114 208 XXI.—XXIII.
1479 169 1533 210 33

203 293 326 331 niret.
386 292 498 337 Quae
533 291 569 329 si
605 302 709 341 quos
740 290 850 328 inter
880 289 1056 328 societas
1087 294 1160 328 aut
1189 294 1253 328 est
1281 295 1353 328 aut
1383 290 1468 329 fuit

203 361 275 395 aut
318 356 462 394 futura
504 360 578 404 est,
618 367 759 393 eorum
801 358 864 392 est
906 354 1121 393 habendus
1165 355 1218 393 ad
1261 367 1468 393 summum

203 425 375 459 naturae
414 420 566 458 bonum
606 419 790 470 optimus
829 419 1183 470 beatissimusque
1226 420 1462 458 comitatus.

203 485 268 524 84.
303 485 418 523 Haec
439 489 514 533 est,
542 485 724 534 inquam,
752 483 942 532 societas,
970 483 1014 521 in
1038 496 1121 534 qua
1141 484 1282 522 omnia
1306 485 1463 533 insunt,

204 561 308 600 quae
350 553 502 599 putant
544 548 732 586 homines
775 548 1020 598 expetenda,
1065 548 1273 596 honestas,
1318 549 1463 598 gloria,
1515 561 1534 588 5

203 613 495 664 tranquillitas
520 613 652 652 animi
679 616 803 662 atque
830 612 1081 661 iucunditas,
1107 616 1155 650 ut
1175 617 1228 661 et,
1255 626 1347 651 cum
1369 613 1470 652 haec

203 678 356 727 adsint,
396 678 518 716 beata
551 677 641 715 vita
674 677 732 715 sit
766 681 807 714 et
846 677 936 714 sine
973 676 1040 715 his
1076 689 1165 715 esse
1201 690 1280 715 11011
1317 678 1464 728 possit.

204 743 322 788 Quod
351 755 443 781 cum
474 742 678 792 optimum
710 741 1021 791 maximumque
1051 741 1120 789 sit,
1147 741 1183 779 si
1213 742 1256 779 id
1276 742 1469 780 volumus

204 807 395 858 adipisci,
428 807 579 844 virtuti
611 818 736 856 opera
764 805 902 843 danda
930 808 1006 853 est,
1033 805 1123 843 sine
1154 819 1237 855 qua
1265 819 1340 844 nee
1369 806 1470 845 ami-

204 871 349 910 citiam
384 884 517 921 neque
551 870 682 908 ullam
717 882 803 907 rein
839 870 1115 920 expetendam
1145 871 1344 921 consequi
1378 883 1470 921 pos·
1503 880 1538 909 10

205 948 368 983 sumus;
427 948 475 973 ea
520 947 619 973 vero
666 934 857 984 neglecta
904 934 978 984 qui
1026 947 1068 972 se
1117 936 1270 973 amicos
1319 935 1471 974 habere

205 1001 473 1046 arbitrantur,
514 1004 601 1037 tum
642 1012 684 1037 se
719 999 900 1049 denique
939 1011 1098 1037 errasse
1137 1000 1339 1048 sentiunt,
1379 1013 1471 1038 cum

205 1078 274 1102 eos
308 1065 447 1114 gravis
482 1064 638 1114 aliquis
673 1076 791 1102 casus
827 1063 1010 1114 experiri
1044 1064 1168 1113 cogit.
1258 1064 1322 1103 85.
1366 1065 1471 1110 Quo-

205 1129 315 1167 circa
353 1129 591 1179 (dicendum
632 1133 695 1166 est
734 1128 845 1165 enim
883 1128 1083 1178 saepius),
1123 1141 1216 1166 cum
1252 1128 1466 1176 iudicaris,

205 1194 380 1243 diligere
411 1197 586 1244 oportet,
623 1205 717 1239 non,
753 1205 845 1230 cum
877 1192 1090 1241 dilexeris,
1127 1193 1324 1232 iudicare.
1392 1194 1480 1232 Sed
1504 1205 1540 1233 15

205 1271 297 1297 011111
341 1257 487 1296 multis
533 1257 576 1295 in
619 1257 741 1295 rebus
785 1256 1054 1306 neglegentia
1101 1257 1338 1307 plectimur,
1383 1263 1472 1296 tum

205 1322 384 1360 maxime
420 1322 463 1359 in
497 1321 642 1360 amicis
680 1325 721 1359 et
755 1321 991 1370 deligendis
1029 1325 1071 1360 et
1108 1322 1314 1371 colendis3
1356 1336 1472 1373 prae-

205 1387 386 1438 posteris
416 1387 528 1425 enim
558 1386 718 1425 utimur
748 1386 939 1424 consiliis
969 1390 1011 1424 et
1040 1392 1133 1425 acta
1162 1387 1335 1437 agimus,
1363 1389 1473 1438 quod

205 1456 395 1490 vetamur
425 1455 565 1490 vetere
597 1450 830 1501 proverbio.
901 1451 1012 1489 Nam
1044 1451 1252 1501 implicati
1286 1453 1398 1491 ultro
1432 1457 1474 1491 et

206 1516 312 1554 citro
341 1516 409 1554 vel
441 1529 519 1554 usu
551 1516 750 1554 diuturno
780 1515 848 1553 vel
881 1515 1009 1554 etiam
1040 1515 1199 1563 officiis,
1227 1522 1398 1567 repente
1430 1517 1473 1555 in
1503 1528 1542 1557 20

206 1581 342 1619 medio
373 1593 496 1619 cursu
529 1580 739 1619 amicitias
778 1584 924 1618 exorta
961 1580 1106 1631 aliqua
1143 1581 1374 1620 offensione
1412 1582 1474 1620 di-

207 1645 454 1695 rumpimus.

259 1710 428 1748 XXIII.
473 1709 537 1749 86.
577 1710 666 1755 Quo
696 1709 823 1748 etiam
853 1709 986 1759 magis
1012 1709 1292 1761 vituperanda
1321 1715 1385 1750 est
1414 1712 1474 1750 rei

206 1775 385 1813 maxime
425 1774 683 1813 necessariae
722 1778 840 1812 tanta
882 1774 1057 1813 incuria.
1132 1775 1227 1814 Una
1265 1779 1329 1814 est
1363 1776 1474 1815 enim

207 1840 394 1878 amicitia
424 1839 468 1877 111
497 1840 619 1878 rebus
649 1839 856 1887 humanis,
884 1839 934 1877 de
963 1839 1082 1878 cuius
1111 1840 1301 1879 utilitate
1331 1854 1474 1879 omnes
1505 1853 1543 1881 25

206 1917 288 1942 uno
327 1917 396 1942 ore
435 1904 716 1942 consentiunt.
793 1904 1051 1954 Quamquam
1090 1917 1114 1942 a
1152 1905 1298 1943 multis
1338 1905 1474 1944 virtus

209 1968 301 2018 ipsa
330 1969 612 2006 contemnitur
642 1972 684 2006 et
705 1968 940 2006 venditatio
961 1969 1163 2018 quaedam
1188 1972 1313 2020 atque
1339 1974 1476 2008 osten-

207 2032 314 2070 tatio
352 2045 441 2071 esse
479 2032 654 2081 dicitur,
701 2032 826 2070 multi
865 2032 1040 2071 divitias
1080 2034 1331 2084 despiciunt,
1372 2047 1475 2084 quos

208 2109 336 2147 parvo
357 2101 574 2136 contentos
595 2097 736 2135 tenuis
759 2096 896 2135 victus
920 2097 1143 2148 cultusque
1171 2098 1372 2147 delectat;
1405 2099 1477 2137 ho-

208 2174 329 2200 nores
354 2175 463 2209 vero,
491 2175 666 2212 quorum
691 2161 925 2212 cupiditate
950 2162 1121 2213 quidam
1146 2162 1472 2213 inflammantur,
1509 2175 1547 2203 30

210 2239 333 2276 quam
364 2226 488 2265 multi
523 2227 584 2265 ita
612 2230 896 2275 contemnunt,
931 2230 979 2265 ut
1008 2227 1119 2264 nihil
1151 2227 1332 2277 inanius,
1367 2228 1478 2266 nihil

210 2302 298 2328 esse
328 2291 464 2329 levius
492 2291 756 2330 existiment!
791 2291 975 2341 itemque
1003 2296 1151 2339 cetera,
1179 2305 1283 2342 quae
1309 2293 1478 2343 quibus-
