1747 2620
176 864 213 892 10

177 1186 213 1215 15

592 164 779 194 LAELIUS
808 164 866 192 DE
896 163 1095 193 AMICITIA

241 275 454 314 amicitiae
485 276 697 313 sordidum
733 275 991 322 existiment,
1026 275 1098 313 ubi
1129 288 1197 313 eos
1229 275 1502 323 inveniemus,

242 341 315 390 qui
345 341 532 388 honores,
574 340 857 389 magistratus,
901 339 1086 389 imperia,
1128 343 1369 390 potestates,
1410 354 1508 391 opes

242 404 452 442 amicitiae
487 416 569 441 non
604 408 871 454 anteponant,
912 408 970 452 ut,
1011 417 1103 442 cum
1138 417 1188 442 ex
1224 404 1357 443 altera
1391 409 1508 455 parte

242 468 456 518 proposita
477 468 574 507 haec
597 468 694 516 sint,
717 481 766 506 ex
788 468 921 506 altera
943 468 1006 506 ius
1028 468 1252 517 amicitiae,
1275 482 1356 506 11011
1378 469 1510 508 multo

243 533 319 571 illa
347 533 524 571 malint?
585 532 805 571 Imbecilla
834 532 945 570 enim
976 537 1040 571 est
1069 536 1219 571 natura
1247 534 1299 571 ad
1329 538 1509 571 contem-

242 597 418 635 nendam
450 597 700 647 potentiam,
747 609 869 647 quam
903 597 1070 635 etiamsi
1101 597 1292 647 neglecta
1321 598 1509 636 amicitia

242 662 455 700 consecuti
485 662 583 709 sint,
614 662 878 700 obscuratum
910 661 963 698 iri
994 661 1264 709 arbitrantur,
1300 662 1398 711 quia
1426 675 1510 700 non

243 726 333 765 sine
354 739 504 775 magna
523 739 647 764 causa
673 726 729 764 sit
756 726 948 775 neglecta
968 725 1169 764 amicitia.
1260 726 1324 765 64.
1361 727 1509 776 Itaque

242 804 364 829 verae
396 791 606 829 amicitiae
629 790 877 828 difficillime
906 791 1173 840 reperiuntur
1200 791 1242 828 in
1270 791 1343 838 eis,
1371 791 1443 841 qui
1466 791 1509 829 111

242 855 470 894 honoribus
501 868 625 905 reque
656 855 825 905 publica
856 858 1075 893 versantur
1086 870 1094 903 3
1135 855 1207 893 ubi
1237 856 1348 893 enim
1380 855 1508 894 istum

243 920 446 966 invenias,
474 920 546 969 qui
578 920 776 957 honorem
807 919 932 957 amici
962 922 1188 969 anteponat
1219 921 1319 957 suo?
1376 920 1510 965 Quid?

242 984 343 1023 haec
363 988 409 1021 ut
430 984 634 1032 omittam,
661 996 785 1034 quam
813 996 972 1033 graves,
1000 996 1123 1033 quam
1146 983 1339 1021 difficiles
1362 984 1509 1034 pleris-

243 1062 322 1099 que
344 1049 542 1086 videntur
563 1048 851 1086 calamitatum
873 1047 1113 1085 societates!
1146 1048 1198 1085 ad
1220 1060 1322 1098 quas
1344 1061 1425 1085 non
1446 1052 1510 1086 est

243 1113 369 1151 facile
404 1113 579 1151 inventu
609 1112 681 1163 qui
712 1112 977 1150 descendant.
1053 1112 1311 1162 Quamquam
1346 1112 1508 1150 Ennius

243 1181 373 1216 recte:

513 1244 661 1276 Amicus
678 1248 795 1276 certus
814 1244 850 1275 sn
868 1253 904 1275 re
922 1244 1057 1276 incerta
1073 1244 1239 1282 cernitur,

242 1372 383 1407 tamen
421 1368 523 1406 haec
561 1369 642 1406 duo
682 1368 871 1406 levitatis
907 1372 948 1406 et
988 1367 1249 1406 infirmitatis
1290 1367 1509 1418 plerosque

243 1433 516 1471 convincunt:
552 1437 625 1471 aut
660 1433 703 1470 in
738 1433 858 1470 bonis
894 1433 1014 1470 rebus
1054 1436 1326 1470 contenmunt
1359 1436 1432 1470 aut
1467 1432 1508 1470 in

243 1498 366 1536 malis
387 1498 595 1535 deserunt.

296 1563 460 1601 XVIII.
505 1562 584 1607 Qui
607 1561 737 1611 igitur
757 1565 932 1611 utraque
966 1561 1008 1599 in
1039 1574 1081 1599 re
1113 1573 1292 1610 gravem,
1318 1564 1509 1599 constan-

242 1631 339 1675 tem,
375 1626 570 1665 stabilem
610 1638 653 1664 se
692 1626 735 1663 111
773 1626 964 1664 amicitia
1001 1625 1275 1676 praestiterit,
1311 1625 1420 1663 hunc
1458 1637 1508 1663 ex

242 1692 422 1729 maxime
457 1703 549 1729 raro
584 1703 732 1740 genere
765 1690 981 1728 hominum
1018 1690 1202 1728 iudicare
1237 1690 1433 1727 debemus
1468 1693 1510 1727 et

243 1769 372 1806 paene
403 1755 560 1793 divino.

297 1820 362 1859 65.
398 1820 728 1858 Firmamentum
763 1822 901 1857 autem
941 1818 1191 1856 stabilitatis
1231 1818 1509 1856 constantiae-

243 1898 322 1935 que
362 1885 463 1931 eius,
510 1896 633 1934 quam
675 1884 717 1920 in
757 1883 944 1921 amicitia
984 1882 1236 1933 quaerimus,
1280 1882 1383 1920 fides
1424 1886 1506 1929 est3

242 1949 352 1987 nihil
380 1952 443 1986 est
470 1948 581 1986 enim
604 1948 767 1996 stabile,
795 1948 905 1998 quod
928 1947 1103 1985 infidum
1124 1950 1200 1985 est.
1264 1946 1508 1997 Simplicem

243 2017 458 2064 praeterea
485 2017 526 2050 et
552 2024 810 2050 communem
841 2016 882 2049 et
912 2011 1255 2058 consentientem,
1284 2011 1326 2049 id
1351 2015 1414 2049 est
1435 2011 1508 2060 qui

243 2078 364 2115 rebus
394 2077 525 2115 isdem
552 2081 779 2124 moveatur,
807 2076 909 2125 eligi
934 2089 1009 2126 par
1030 2080 1104 2124 est,
1132 2088 1236 2126 quae
1258 2075 1398 2113 onmia
1419 2088 1508 2125 per—

244 2143 382 2180 tinent
410 2142 462 2179 ad
492 2141 760 2189 fidelitate1113
792 2154 926 2191 neque
956 2141 1067 2179 enim
1093 2141 1220 2178 fidum
1252 2143 1391 2190 potest
1419 2151 1508 2176 esse

244 2206 469 2257 multiplex
506 2206 718 2255 ingenium
755 2212 796 2243 et
830 2210 1076 2251 tortuosum,
1117 2217 1249 2255 neque
1285 2216 1395 2251 vero,
1436 2203 1508 2253 qui

244 2284 325 2309 non
362 2271 491 2309 isdem
528 2271 650 2308 rebus
685 2273 874 2308 movetur
909 2274 1140 2320 naturaque
1175 2268 1396 2311 consentit,
1437 2271 1508 2305 aut
